3017 5000
394 525 462 590 ur
487 523 865 592 ramunrrours.
1105 521 1170 613 293

112 659 188 736 lant.
209 663 322 764 Atque
339 680 379 736 ut
393 661 479 736 banc
497 663 531 735 in
547 681 674 764 partem
693 663 814 738 diversi
830 661 1010 762 scriptores
1025 658 1170 748 abeunt,

113 778 149 852 sic
159 779 193 852 in
207 779 346 879 hujusce
362 798 471 881 etymo
485 779 606 853 mirum
618 780 653 853 iu
665 779 803 853 modum
813 778 956 862 variant,
968 775 1092 878 quibus
1101 775 1171 852 bac

111 891 228 992 scriptis
241 893 382 993 prodere
396 891 544 966 studium
557 892 644 966 luit:
661 893 784 967 dictam
799 893 886 967 enim
904 892 1038 993 quidam
1053 889 1172 966 volunt

110 1005 176 1103 napa*
186 1006 223 1079 ‘ro'
242 1005 438 1096 stitt'yutaou'e
452 1007 618 1088 sintina:
633 1007 701 1082 sere
714 1008 802 1081 enlm
811 1006 1043 1081 defunctorum
1056 1004 1171 1080 laudes

110 1120 162 1194 boc
174 1124 318 1196 carmine
332 1124 630 1224 prosequebantur.
645 1123 713 1198 Alii
724 1122 854 1196 hiemi*
863 1121 963 1209 inuis,
977 1107 1010 1196 id
1024 1141 1093 1212 est,
1106 1122 1170 1196 mi·
1246 1203 1248 1205 ‚

109 1237 194 1310 semri
217 1267 225 1310 :
248 1237 340 1338 quod
359 1236 486 1312 scilicet
503 1237 708 1312 miseriarum
727 1237 862 1339 plenum
886 1264 959 1312 esse
981 1234 1085 1310 soleat
1106 1236 1170 1310 boc

109 1354 248 1428 carminis
266 1385 381 1451 genus.
411 1355 498 1432 Huic
517 1355 725 1457 etymologiae
741 1355 899 1431 adsentiri
917 1354 1048 1430 videtur
1069 1353 1168 1429 Flac-

108 1494 168 1558 cus,
183 1469 243 1570 qui
253 1469 295 1543 ad
309 1469 447 1543 Albium
460 1469 634 1544 Tibullum
649 1471 816 1557 scribens,
835 1469 897 1544 lib.
912 1471 927 1544 l
942 1498 1039 1544 carm.
1056 1467 1168 1564 elegos

106 1583 297 1661 miserabiles
318 1605 425 1662 vocat.
453 1588 624 1689 Superiori
641 1603 753 1663 autem
769 1591 880 1677 Naso,
899 1587 957 1690 qui
975 1588 1011 1661 in
1027 1585 1169 1688 epistola

106 1697 270 1801 Sapphus,
288 1701 424 1798 elegiam
442 1731 570 1778 carmen
590 1700 718 1791 llebile,
736 1703 772 1777 iu
785 1702 970 1777 Amoubus
982 1701 1089 1803 ipsam
1103 1698 1170 1776 ele·

106 1815 178 1909 pam
192 1817 337 1895 flebilem
355 1819 509 1922 adpellat.
528 1818 692 1895 Nonnulli
714 1819 757 1892 ab
776 1815 810 1892 ui
819 1817 857 1912 (l
867 1818 904 1918 l)
922 1819 1168 1918 interjectione,

106 1932 142 2004 ita
155 1951 191 2007 ut
206 1934 288 2036 legio
309 1935 354 2010 sit
365 1936 514 2012 ,nominis
530 1935 820 2038 supplementum,
839 1952 872 2008 et
887 1933 973 2008 nibil
990 1934 1165 2030 significet.

106 2049 214 2124 ladon
234 2051 384 2143 ratione,
410 2083 474 2155 qua
497 2052 626 2130 Gellius
647 2052 860 2156 Quinquatrus
882 2051 987 2126 dictas
1009 2049 1168 2142 voluit,a

107 2167 241 2269 quinque
260 2168 387 2246 dierum
405 2198 564 2258 numero,
583 2169 736 2271 quisunt
753 2169 797 2244 ab
814 2169 927 2244 idibus
948 2198 957 2241 ε
980 2183 1067 2242 otrus
1089 2196 1168 2244 vero

105 2281 177 2356 nibil
203 2284 407 2382 significarc;
427 2286 590 2388 siquidem
609 2286 763 2389 Pbrygiae
786 2315 843 2362 rex
866 2285 993 2374 Midas,
1011 2285 1091 2360 dum
1106 2315 1169 2387 pa·

104 2403 273 2501 rentijusta
289 2423 478 2505 perageret,
491 2403 552 2478 hac
564 2403 793 2505 interjectione
805 2403 996 2506 frequenter
1003 2431 1084 2478 usus
1097 2430 1168 2478 esse

104 2516 226 2595 dicitnr.
244 2524 338 2596 Licet
353 2521 410 2595 alii
428 2522 578 2607 tradant,
595 2522 775 2606 Tbeoclcm
792 2524 955 2608 Naxium,
973 2522 1041 2596 siue
1055 2522 1169 2622 potius

104 2638 319 2740 Erythraeum,
335 2640 538 2741 ,frequenter
554 2666 614 2741 per
635 2642 757 2716 ammio
775 2639 936 2715 insaniam
953 2636 1169 2715 vociferatum
1287 2706 1292 2713 .

104 2779 179 2841 esse,
193 2762 243 2841 αῖ,
257 2759 305 2839 ιιῒ,
322 2756 375 2827 si:
385 2756 463 2830 inde
472 2754 603 2857 aliquot
615 2753 736 2833 additis
745 2754 876 2845 literis,
887 2756 1023 2853 elegiam
1033 2755 1167 2829 dictam.

104 2869 204 2965 Quam
223 2868 456 2973 etymologiam
475 2876 580 2948 secuti
592 2874 749 2951 videntur
761 2874 831 2961 illi,
850 2875 910 2976 qui
926 2874 1171 2951 contenderunt

102 2982 230 3083 elegiam
243 2988 570 3093 producere-priores
586 2990 669 3065 duas
688 2990 842 3093 syllabas.
862 2977 928 3067 His
941 3010 1051 3067 tamen
1064 2992 1169 3067 refra-

103 3120 192 3199 gatur
206 3105 388 3207 Papinius,
415 3107 508 3205 cujus
526 3104 590 3180 tale
606 3127 657 3182 est
673 3108 708 3181 in
729 3107 837 3209 Sylvis
851 3137 980 3184 cumen
1004 3139 1012 3183 ε
1037 3140 1055 3174 «
1075 3109 1169 3205 Quas

105 3250 120 3280 a
137 3220 221 3295 inter
237 3220 333 3295 vultu
348 3222 504 3323 petulans
519 3220 624 3319 elegia
639 3225 854 3327 propinquat.
873 3258 890 3288 u
910 3226 995 3298 Item
1013 3223 1169 3315 Persius,

103 3331 163 3407 Sat.
184 3334 346 3423 r,diceus
361 3368 368 3409 :
387 3370 405 3403 s
419 3336 526 3411 Ebria
539 3354 685 3427 veratro,
700 3367 771 3412 non
788 3338 816 3412 si
834 3367 898 3439 qua
912 3338 1015 3435 elegia
1032 3338 1137 3412 crudi.
1149 3372 1167 3405 a

103 3448 164 3524 llec
181 3452 331 3540 deluere,
348 3452 407 3553 qui
429 3453 472 3527 ab
496 3453 664 3540 ἔλιγιᾶνυν,
686 3453 777 3557 quod
794 3474 843 3530 est
859 3455 1025 3562 insanire2
1048 3454 1169 3528 dictam

102 3563 284 3641 voluerint:
302 3568 394 3671 quod
409 3585 519 3642 mente
537 3587 654 3669 captus
667 3569 844 3657 'l‘heocles,
860 3571 901 3644 de
919 3600 987 3671 qno
1001 3598 1103 3671 supra
1117 3570 1170 3644 di·

103 3698 185 3756 ctum
204 3702 276 3772 est,
294 3714 334 3758 eo
351 3685 505 3761 carminis
522 3714 641 3781 genere
657 3686 855 3763 vociferatus
871 3687 924 3759 sit.
940 3686 1055 3759 Primo
1066 3688 1171 3783 igitur

101 3825 148 3874 res
165 3819 293 3877 tantum
320 3802 450 3893 tristes,
468 3830 506 3875 ac
530 3802 735 3878 miseriarum
752 3801 878 3902 plenae,
902 3799 1047 3899 elegiaco
1072 3808 1170 3878 versu

101 3912 384 4007 describebantur3
401 3944 478 3992 mox
489 3936 521 3991 et
532 3916 631 4007 laetae,
648 3918 832 4019 praesertim
846 3946 1050 4012 amores„eo
1062 3937 1170 3993 metro

101 4030 167 4103 cani
187 4051 375 4133 caeperunt,
395 4033 486 4137 quod
502 4051 536 4109 et
548 4031 687 4107 Flaccus
700 4032 735 4106 iu
749 4032 831 4107 Arte
846 4032 978 4134 poetica
995 4032 1042 4105 sic
1059 4051 1172 4106 osten·
1200 4039 1203 4044 ’

101 4146 169 4221 dit:
190 4150 385 4226 «Versibus
411 4152 582 4255 impariter
603 4149 726 4253 junctis
754 4149 876 4247 elegeia
892 4152 1061 4252 primum,
1088 4150 1173 4224 Post

103 4294 120 4325 a
138 4262 234 4338 etiam
251 4264 378 4341 inclusa
392 4268 520 4342 estroti
537 4265 698 4342 sententia
718 4294 867 4367 compos.
883 4302 901 4335 »
919 4266 1017 4343 Unde
1031 4270 1121 4341 Naso
1137 4268 1172 4341 in

239 4394 252 4429 Ι
