3017 5000
279 433 370 534 Ι196
634 423 1043 496 nnnronrronas

302 571 511 657 ubertatem,
531 567 697 668 simulque
721 567 979 655 sententiarum,
1003 566 1250 667 verborumque
1265 563 1384 662 ‘graui-

304 703 421 773 tatem,
438 685 492 758 vix
509 701 548 758 ut
564 683 648 757 alius
664 685 708 758 sit
725 683 823 786 ,apud
838 683 977 758 Latinos
994 701 1111 786 poeta,
1130 684 1188 785 qui
1206 683 1242 755 in
1261 682 1324 756 hac
1344 709 1384 757 re

305 802 370 904 ipsi
388 800 506 874 merito
522 799 668 901 praeferri
687 801 807 901 possit.
827 799 922 896 Quid
939 799 1046 874 dicam
1061 799 1103 872 de
1119 798 1223 874 modo
1235 797 1296 872 illo
1315 799 1388 872 sin-

305 915 413 1011 gulari
430 943 468 989 ac
487 944 593 1017 prope
610 915 722 989 divino
745 916 961 990 connectendi
980 915 1126 990 fabulam
1143 943 1220 990 curn
1240 913 1389 990 fabula?

304 1033 340 1134 in
360 1061 428 1132 quo
446 1031 493 1104 ita
509 1029 681 1119 excelluit,
699 1049 738 1106 ut
763 1031 847 1106 nihil
868 1032 1098 1121 artificiosius,
1118 1032 1202 1107 nihil
1223 1050 1389 1135 praestan·

181 1147 185 1150 ’
306 1147 393 1233 tius,
414 1146 498 1220 nihil
516 1147 659 1248 deniqne
677 1150 828 1222 ornatius
841 1167 898 1222 aut
912 1149 977 1221 dici
990 1166 1048 1222 aut
1063 1147 1134 1229 lieri
1147 1150 1277 1249 possit:
1293 1148 1388 1248 quod

304 1293 358 1342 tes
375 1263 612 1340 diversissimas
632 1283 777 1340 tractans
798 1267 881 1340 adeo
907 1265 1078 1362 ingeniose
1107 1291 1161 1338 eas
1187 1266 1388 1353 connexuit,

305 1391 351 1456 ut
362 1410 428 1456 una
442 1381 577 1455 materia
589 1380 687 1484 plane
700 1381 860 1457 rideatur.
879 1381 968 1455 lllud
982 1385 1081 1456 etiam
1092 1383 1230 1457 minime
1245 1386 1390 1459 reticen-

307 1496 386 1574 dum
403 1514 468 1585 est,
485 1496 609 1570 latinos
622 1497 702 1571 olim
720 1499 901 1598 scriptores
912 1497 953 1571 ad
967 1526 1070 1570 unum
1084 1498 1153 1572 scre
1167 1528 1272 1595 graeca
1285 1529 1392 1602 opera

308 1609 344 1682 in
361 1611 500 1684 latinum
517 1611 653 1684 vertisse
671 1638 876 1698 sermonem,
895 1637 913 1682 a
932 1610 1057 1710 quibus
1072 1613 1190 1686 eximia
1212 1613 1391 1703 doctrina,

308 1743 409 1826 atque
425 1723 568 1799 eruditio
584 1742 657 1798 orta
670 1742 721 1798 est
733 1725 1016 1825 prestantissima.
1031 1728 1159 1802 Contra
1174 1725 1299 1802 factum
1316 1757 1391 1804 esse

309 1872 327 1918 a
347 1842 496 1918 Maximo
510 1841 659 1916 Planucle
675 1871 775 1917 nemo
788 1843 934 1938 ignorat,
951 1847 1026 1946 qui,
1046 1875 1150 1947 quum
1163 1847 1290 1948 optime
1308 1876 1393 1932 nos-

310 1977 361 2036 set
378 1989 515 2055 gracum
533 1958 681 2056 linguam
694 1989 814 2062 poema
827 1991 896 2034 non
914 1961 1053 2050 habme,
1071 1963 1164 2063 quod
1180 1979 1271 2036 tanta
1284 1964 1392 2059 gratia

310 2105 348 2150 ae
365 2095 555 2166 venustate,
574 2097 698 2179 quanta
718 2079 801 2163 hoc,
819 2079 956 2167 llueret,
976 2108 995 2152 e
1013 2078 1118 2153 latino
1143 2079 1177 2152 in
1196 2107 1340 2174 graecum
1356 2079 1392 2153 id

312 2194 495 2268 transtulit.
514 2194 608 2292 Quid
625 2195 757 2269 multa?
772 2198 872 2268 Artes
888 2223 1024 2280 omnes,
1047 2225 1120 2296 qua
1136 2196 1284 2296 antiquis
1301 2213 1394 2269 notat

312 2327 424 2396 erant,
454 2341 558 2412 quum
583 2311 619 2385 in
643 2311 739 2398 aliis,
769 2339 843 2412 qna
868 2311 1094 2413 conscripsit,
1112 2313 1294 2413 operibus,
1320 2315 1394 2386 tut'n

312 2425 452 2504 maxime
470 2427 503 2500 in
521 2426 587 2498 hoc
602 2427 649 2501 ita
665 2424 862 2515 declaravit,
876 2445 916 2501 ut
933 2425 1171 2531 quamplurimi
1186 2427 1248 2501 viri
1265 2427 1395 2504 utrius·

313 2570 378 2641 que
397 2542 536 2637 linguae,
552 2571 625 2645 quae
640 2543 675 2617 in
690 2544 799 2645 pretio
816 2561 916 2631 sunt,
930 2543 1167 2641 intelligentia,
1185 2563 1286 2645 atque
1303 2572 1395 2618 acer-

313 2659 399 2731 rimo
426 2660 551 2757 judicio
580 2678 795 2763 prestantes,
821 2690 921 2765 supra
947 2692 1047 2765 maur
1074 2664 1140 2739 (liei
1169 2681 1309 2765 potest,
1334 2662 1397 2738 atl-

314 2793 488 2851 murentur.

440 3077 443 3085 “
527 3070 803 3161 GEORGII
829 3071 1192 3158 BERSMANNI

333 3285 580 3352 maneto
609 3290 659 3351 IN
690 3288 1155 3371 nuatmontflosuon
1179 3286 1383 3363 LIBROS,

668 3484 706 3523 ao
724 3484 913 3525 colmannum
929 3486 1043 3537 vmnu,

551 3638 596 3705 D.
625 3638 843 3709 PAULUM
866 3635 1175 3709 VETZERUM.

371 3828 554 3903 Poz'rlctttt
582 3830 751 3907 Maximus
771 3832 896 3931 Tyrius
918 3830 1112 3905 Platonicus
1135 3829 1290 3905 delinisse
1307 3828 1401 3904 illam

325 3946 458 4049 quidem
467 3946 663 4047 perhibetur
673 3949 858 4037 φιλοσοφῶ,
868 3942 975 4038 stipo
986 3947 1074 4040 xgitp
1086 3946 1230 4035 maesii,
1243 3949 1286 4039 rqi'
1294 3946 1403 4039 &laip-

325 4066 413 4155 nula
433 4062 594 4159 ἷμμιτρον,
619 4067 661 4159 τῇ
677 4065 718 4137 ἐπ’
733 4067 834 4159 νείμῃ
853 4063 1043 4157 polemon
1059 4095 1067 4138 τ
1083 4065 1150 4139 hoc
1169 4083 1242 4151 est,
1259 4063 1401 4165 pholom-

321 4182 428 4282 pln'nrn
445 4198 577 4286 tempore
593 4181 711 4283 quidem
726 4198 897 4269 occasum,
925 4180 1135 4283 compositione
1150 4198 1251 4257 autem
1268 4184 1403 4258 omoere'c
