3017 5000
392 477 456 542 ur
480 462 866 544 ransarrou'us,
1101 481 1165 572 287

110 615 256 689 cesseritis
272 615 428 689 Senemm
447 617 482 689 id
500 634 609 692 totum
635 614 749 694 Ovidii
771 643 900 692 mrmen
917 615 1167 718 persolutam,

109 731 284 822 edidicisse,
297 733 336 808 in
348 731 453 809 libros
469 763 548 809 suos
565 735 791 820 tmustulisse3
804 764 869 830 ego
880 734 976 808 vobis
992 736 1170 810 concedam

108 871 150 918 ne
163 845 271 920 nihilo
288 847 365 949 plus
382 875 496 950 sapere
509 877 608 950 quam
620 851 744 924 betam.
766 850 802 924 Si
817 877 887 923 non
900 850 964 923 erit
976 850 1097 940 otium,
1111 867 1170 924 aut

107 961 222 1063 pigebit
239 962 425 1064 perlegere,
449 965 549 1043 istum
575 965 724 1042 laborem
747 967 846 1042 vobis
864 966 1007 1055 demam,
1025 986 1060 1043 et
1081 969 1171 1042 iuter

107 1077 323 1178 explicandum
340 1080 534 1176 singillatim
550 1082 709 1159 indicabo
726 1082 810 1186 quid
834 1111 873 1156 ex
896 1083 1019 1158 Ovidio
1045 1085 1169 1160 Seneca

107 1196 286 1296 sumpserit,
300 1197 382 1296 quid
396 1197 620 1301 subripuerit:
633 1191 732 1301 quam
745 1216 853 1274 astute
864 1198 1081 1274 dissimularit
1093 1231 1169 1276 mn-

39 1409 40 1418 *
109 1325 206 1397 tuum,
228 1327 262 1384 et
279 1339 381 1411 quam
403 1312 520 1388 callide
542 1315 754 1390 commutatis
780 1313 911 1402 verbis,
935 1342 996 1387 ceu
1013 1316 1120 1411 siguis
1136 1337 1171 1392 et

108 1429 184 1504 uotis
199 1429 458 1528 sententiarum,
475 1432 602 1506 furtum
620 1460 718 1506 sumn
737 1429 922 1504 occultarit.
941 1431 1172 1533 interpellabit

39 1617 41 1642 ,
110 1541 154 1618 bic
169 1543 311 1646 aliquis,
329 1565 363 1620 et
379 1576 398 1621 a
415 1577 468 1623 me
487 1549 649 1623 Ovidium
666 1549 754 1624 dicet
768 1546 854 1622 salso
868 1547 1050 1622 alienarum
1065 1549 1173 1624 cirtu-

39 1657 41 1762 ἶ
110 1675 168 1742 tum
182 1663 351 1762 praeconio
372 1665 625 1752 commendaui3
649 1665 808 1767 quoniam
833 1663 956 1739 eruditi
978 1665 1041 1738 riri
1065 1693 1173 1768 nuper

108 1777 174 1852 buie
189 1783 327 1856 carmini
345 1785 383 1858 C.
403 1783 552 1859 Pedonis
564 1785 770 1861 Albinoruui
783 1813 905 1859 nomen
918 1783 1170 1887 inscripserunt.

108 1895 223 1984 Fateor,
235 1916 270 1973 et
283 1896 376 1980 valde
387 1927 460 1974 sum
469 1899 671 1988 admiratus3
684 1929 744 1976 neo
758 1900 867 1976 adbue
879 1899 1065 1996 intelligere
1077 1903 1173 2002 potui
1262 1966 1265 1976 .

39 2019 41 2096 ἶ
109 2037 159 2087 tur
172 2011 381 2089 idleceriut¹
397 2015 534 2090 Veteres
551 2034 640 2091 certe
655 2015 888 2103 membranas,
911 2014 1085 2116 librosque
1101 2046 1174 2090 ma-

39 2109 41 2138 l
107 2128 305 2230 nustriptos,
320 2131 407 2204 sicut
422 2151 689 2220 consueverunt,
703 2134 775 2232 ejus
789 2133 836 2206 rei
851 2149 951 2206 testes
966 2130 1081 2206 nullos
1094 2161 1173 2233 pro-

39 2247 40 2256 ’
108 2243 242 2320 domm:
261 2265 317 2336 et,
344 2267 383 2323 ut
398 2248 641 2350 producerent,
661 2250 737 2352 quis
754 2275 870 2348 aquus
886 2264 1011 2348 praetor
1032 2247 1173 2323 infirmis

107 2363 372 2440 cessantibus
396 2365 610 2441 librariorum
633 2364 833 2440 testimoniis
848 2361 948 2437 fidem
964 2363 1123 2453 baberet,
1139 2381 1174 2438 et

106 2479 277 2554 temudum
295 2508 409 2556 eorum
428 2481 560 2557 tabulas
578 2481 669 2557 litem
688 2480 805 2567 daret;
837 2507 876 2553 ac
895 2507 965 2552 nou
987 2479 1099 2578 potins
1116 2509 1170 2554 ue-

107 2608 179 2668 tacet
189 2596 369 2672 interdicto
379 2626 421 2673 ne
436 2599 580 2673 Ovidius
593 2598 634 2673 de
644 2599 783 2698 antiqua
794 2595 1023 2697 possessione,
1038 2614 1069 2669 et
1081 2597 1173 2672 uelut

106 2709 140 2785 de
150 2715 237 2789 avito
249 2715 356 2790 londo
370 2716 587 2814 dejiceretur?
599 2714 678 2787 Alio
691 2714 910 2808 confugiunt,
927 2730 961 2785 et
971 2713 1172 2788 Ouidianum

105 2827 314 2905 clnracterem
332 2860 403 2910 uon
420 2860 507 2917 esse,
527 2832 627 2905 uobis
644 2828 843 2931 persuadere
869 2847 1042 2904 conantur.
1067 2832 1172 2932 Equi·
1287 2847 1289 2852 '

106 2944 171 3022 den
189 2950 215 3024 si
235 2976 384 3024 versarer
405 2951 441 3022 in
463 2948 546 3023 mais
564 2949 696 3036 rumis,
717 2966 750 3021 et
774 2946 824 3021 illi
850 2976 967 3047 parom
989 2949 1173 3049 locupletes

105 3082 225 3153 essem,
244 3094 350 3139 meam
379 3064 448 3139 illis
472 3064 645 3166 pecuniam
663 3057 762 3138 citius
780 3092 878 3164 quam
894 3064 980 3138 istuc
995 3067 1171 3139 crederem.

106 3178 199 3275 Quod
216 3200 329 3256 autem
350 3181 465 3267 aiunt,
485 3180 638 3267 clientem
655 3181 845 3253 Drusorum
867 3179 968 3253 fuisse
987 3178 1172 3253 Albinoua-

105 3320 196 3381 num,
213 3314 249 3371 et
265 3287 391 3371 idcireo
404 3296 474 3370 baec
487 3295 657 3397 scripsisse
670 3297 705 3367 in
721 3294 853 3368 laudem
872 3294 996 3379 Drusi,
1011 3295 1106 3391 eujus
1116 3322 1172 3367 co-

105 3436 165 3485 mes
181 3413 218 3487 in
240 3412 421 3487 Germania
437 3411 572 3497 suisset,
589 3430 621 3485 et
638 3410 882 3505 navigationem
894 3410 929 3489 iu
946 3410 1083 3482 Oceano
1099 3436 1174 3482 ven

105 3526 191 3605 sibus
211 3530 420 3616 mundasset,
437 3556 551 3602 eorum
574 3552 656 3629 pace
680 3526 838 3615 dixerim,
855 3526 978 3600 suustra
997 3542 1076 3599 suut
1097 3554 1106 3598 :
1126 3525 1175 3598 si·

105 3646 232 3744 quidem
248 3674 289 3721 ex
313 3646 355 3721 iis
376 3646 460 3747 ipsis
480 3641 649 3731 versibus,
673 3644 730 3745 qui
750 3642 916 3743 hodieque
939 3659 1069 3715 exstant
1085 3642 1176 3742 apud

105 3762 274 3853 Senecam,
289 3784 374 3840 etex
388 3764 547 3839 Cornelio
555 3762 691 3851 Tacito,
709 3762 791 3836 satis
802 3758 924 3862 liquet,
939 3790 1007 3834 uon
1020 3761 1060 3833 ad
1074 3762 1175 3859 bujus

105 3878 224 3967 llrosi,
244 3882 303 3956 sed
318 3882 360 3954 ud
380 3879 567 3955 Gemanici
583 3878 644 3952 filii
662 3876 906 3971 navigationem
921 3903 978 3954 eos
994 3902 1107 3947 uersus
1123 3902 1174 3947 re·

103 3994 176 4070 lerri
183 4016 352 4100 oportere
368 4000 437 4072 Nec
448 3996 567 4071 melius
577 3995 743 4084 divinent,
759 4023 862 4095 quum
872 3990 1175 4068 bariolautureum·

105 4110 173 4189 dem
183 4142 256 4189 esse
271 4114 405 4190 Celsum
420 4114 687 4199 Albinouanum,
705 4111 849 4187 scribam
865 4111 994 4185 Tiberii
1007 4110 1172 4196 Neronis,

107 4233 259 4332 equalem
283 4250 315 4307 et
340 4232 535 4311 familiarem
561 4229 705 4309 Horatii.
731 4232 913 4330 Nunquam
936 4227 994 4302 ille
1018 4229 1083 4302 fuit
1105 4245 1173 4301 tam
