3017 5000
279 391 282 397 ⁵
384 447 452 514 nr
477 445 863 514 enneacrunos.
1097 448 1166 538 289

145 607 218 664 tem
235 605 398 691 quaestor,
416 606 541 690 praetor
554 606 593 686 et
607 587 724 664 consul
740 587 848 663 sactus
861 606 922 664 est.
939 589 981 662 ln
994 605 1168 690 quaesturae

48 803 49 806 Ἴ
153 723 292 806 praturae
308 705 436 780 honore
457 704 526 779 dux
542 704 696 790 Rhetici,
722 705 841 803 deinde
862 706 1050 780 Germanici
1065 706 1167 798 belli,

48 809 49 834 ³
133 862 161 883 w
182 820 360 898 latissimas
373 849 427 896 res
445 821 563 916 gessit,
590 849 674 922 quas
691 822 876 896 recensebit
893 822 1060 912 Ovidius,
1079 824 1170 898 unde

112 969 155 1031 us
167 941 281 1020 ouandi
295 959 329 1016 ct
344 938 557 1041 triumphalia
571 941 660 1041 cepit
669 959 870 1014 ornamenta.
885 939 969 1015 Post
981 960 1169 1044 praeturam,

48 1095 50 1118 r
115 1052 183 1128 inito
195 1055 306 1130 statim
320 1052 505 1142 consulatu,
520 1052 652 1155 repetiit
668 1053 913 1156 expeditionem
926 1054 1171 1146 Germanicam
1199 1104 1202 1111 ·

116 1170 162 1266 phi
175 1170 313 1259 morbo,
340 1198 437 1271 quem
458 1170 593 1270 exequi
616 1167 713 1272 lapsu
736 1186 961 1258 contraxerat,
978 1199 1173 1272 supremum

116 1285 184 1360 diem
201 1287 313 1376 obiit,
340 1287 375 1360 in
401 1286 522 1361 aestivis
545 1286 680 1370 castris,
702 1311 775 1384 quae
800 1311 839 1356 ex
862 1311 903 1358 eo
921 1282 1077 1360 scelerata
1094 1305 1174 1362 sunt

114 1397 269 1502 adpellata.
293 1435 311 1466 κ
339 1399 542 1474 adolescens
566 1395 640 1488 ille,
664 1397 777 1499 inquit
799 1395 970 1488 Velleius,
989 1417 1043 1474 tot
1064 1419 1174 1476 tanta-

118 1542 279 1616 urumque
297 1515 460 1589 virtutum
476 1513 556 1601 suit,
576 1530 659 1614 quot
677 1531 710 1586 et
727 1530 868 1613 quantas
889 1530 1008 1589 natura
1025 1517 1176 1593 mortalis

117 1633 275 1736 rescipit,
296 1631 347 1708 vel
373 1631 538 1706 industria
554 1631 697 1734 percipit
718 1661 726 1705 :
751 1632 846 1730 cujus
871 1632 1040 1728 ingenium
1063 1653 1178 1711 umam

118 1779 131 1810 a
145 1747 267 1846 bellicis
280 1747 388 1843 magis
399 1746 574 1848 operibus,
586 1775 626 1820 an
638 1744 794 1820 civilibus
806 1745 1125 1838 suffeceritartihns,
1140 1753 1176 1826 in

118 1895 131 1925 ι
148 1862 268 1938 incerto
280 1881 341 1938 est.
357 1863 494 1936 Morum
504 1855 590 1934 certe
604 1859 763 1949 dulcedo,
779 1879 812 1936 et
824 1864 968 1938 salacitas
978 1879 1011 1939 et
1019 1865 1177 1942 adversus

118 1980 265 2054 »amicos
286 2007 399 2079 aequa,
416 2007 454 2052 ac
473 2005 535 2080 par
559 1977 611 2052 sni
628 1977 823 2067 estimatio,
843 1979 1051 2054 inimitabilis
1074 1981 1177 2059 fuisse

48 2143 49 2170 ι
118 2095 287 2201 adicitur,
315 2112 348 2170 et
371 2096 490 2171 eximia
520 2095 669 2198 corporis
691 2093 919 2197 pulchritudo.
943 2096 1043 2170 lllum
1067 2117 1177 2174 autem

117 2242 259 2312 »magna
287 2230 446 2314 exparte
473 2212 674 2287 domitorem
701 2213 905 2300 Germania,
934 2213 1080 2316 plurimo
1109 2219 1178 2317 ejus

48 2331 50 2424 Ῐ
118 2333 269 2426 agentis,
293 2330 392 2405 variis
409 2329 444 2402 iu
467 2327 569 2417 locis,
588 2328 926 2430 profuso'sangoine,
945 2329 1090 2404 fatorum
1113 2331 1180 2405 iui-

48 2427 49 2480 1
148 2448 274 2549 quitus,
288 2446 478 2537 consulem,
493 2464 645 2544 agentem
655 2459 780 2519 a'nnum
795 2445 1012 2533 tricesimum,
1024 2448 1145 2549 rapuit.
1159 2483 1176 2515 »

128 2562 196 2637 ihil
208 2563 339 2639 adtinet
357 2588 615 2637 commemorare
629 2590 694 2661 qna
710 2586 850 2661 pompa,
869 2565 928 2654 (ea
947 2562 1118 2663 triumpho
1135 2562 1181 2636 si·

124 2677 245 2757 cillima
256 2680 350 2779 suit)
368 2708 490 2781 corpus
502 2678 643 2753 relatum
657 2679 691 2752 in
707 2678 842 2766 urhem,
861 2695 1057 2767 crematum,
1071 2678 1183 2780 sepul-

78 2858 82 2865 .
115 2811 241 2899 umque
259 2798 295 2873 iu
315 2824 433 2899 campo
460 2797 591 2871 Martio
614 2814 748 2897 :utque
771 2795 963 2869 defunctum
990 2825 1093 2896 quum
1117 2824 1181 2897 pro

69 2995 72 2998 ,
115 2914 267 2989 concione
282 2911 433 2989 laudaret
444 2914 639 3007 Augustus,
657 2912 750 2984 Deos
768 2929 922 3011 precatus
938 2913 1001 3002 sit,
1015 2914 1139 2989 similes
1153 2914 1185 2986 ei

116 3030 253 3105 Cesarea
269 3058 351 3105 suos
366 3030 530 3115 lacerent,
554 3028 687 3128 sibique
703 3046 770 3101 tam
788 3027 966 3103 honestum
982 3032 1184 3135 quandoque

115 3148 231 3223 exitum
248 3148 381 3231 darent,
402 3172 500 3246 quam
519 3142 568 3217 illi
584 3144 762 3219 dedissent.
784 3144 941 3243 Eloginm
960 3148 1097 3250 insuper
1111 3178 1186 3224 verr-

116 3262 203 3339 sihus
215 3294 233 3337 a
247 3290 284 3337 se
294 3262 508 3363 compositis,
524 3259 701 3363 sepulchro
714 3258 912 3362 insculpsit,
930 3289 1097 3367 prosaque
1110 3292 1185 3339 ora·
1210 3348 1214 3353 ,

115 3378 219 3467 tione,
238 3379 340 3453 vitam
350 3378 422 3476 ejus
434 3375 627 3477 complexus
637 3394 697 3451 est.
714 3376 809 3451 Livia
821 3394 940 3464 mater,
952 3377 1064 3451 audita
1077 3396 1185 3457 morte

115 3488 187 3579 lilii,
207 3494 242 3567 in
258 3492 368 3594 primo
385 3490 445 3565 illo
461 3492 591 3580 furore,
611 3518 714 3592 quum
728 3490 868 3563 maxime
881 3490 1007 3565 succes
1019 3492 1184 3594 impoten-

116 3624 227 3709 tesque
248 3626 329 3685 suut
352 3607 512 3699 miseriae,
531 3638 566 3684 se
593 3606 828 3683 consolandam
851 3607 953 3680 Arrio
979 3607 1187 3711 philosopho

114 3718 336 3799 Alexandrino
354 3722 524 3824 praebuitz'
548 3723 583 3797 in
609 3750 713 3823 eaque
736 3720 881 3795 orbitate
903 3722 1086 3797 masculum
1112 3729 1187 3799 aui-

115 3866 222 3928 mum,
242 3841 430 3943 seminaque
448 3842 599 3943 principe
616 3841 749 3938 dignam
773 3840 991 3915 constantiam
1007 3841 1186 3931 exhibuit;

114 3974 151 4029 ut
165 3984 240 4057 quat
255 3957 355 4033 simul
371 3986 446 4033 cum
461 3960 569 4033 cinere
582 3976 682 4059 atque
700 3956 835 4031 ossibus
847 3954 909 4029 filii
926 3956 1075 4032 dolorem
1089 3984 1188 4031 suum

117 4074 185 4172 ejus
205 4076 333 4151 tumulo
350 4074 510 4152 intulerit.
538 4078 618 4151 Huc
637 4071 799 4148 eVelleio
822 4074 1020 4163 Paterculo,
1045 4074 1186 4160 Seneca,

115 4187 242 4280 Plinio,
255 4192 433 4280 Suetonio,
447 4189 606 4269 Cornelio
618 4190 736 4266 Tacito
746 4246 756 4280 ,
767 4189 913 4293 epitoma
923 4190 1026 4281 Livii,
1039 4191 1075 4264 in
1085 4218 1191 4292 pauca

207 4401 211 4413 ¹
236 4316 349 4385 Vm.
925 4336 966 4407 19
