3017 5000
300 448 963 535 DESCRIPTIOSULMONIS.
1101 454 1166 523 253

99 618 204 677 utem
217 598 305 675 cives
316 598 424 674 nostri
441 598 478 673 id
489 596 647 686 fecerint,
663 595 751 671 ratio
764 613 836 685 est,
854 597 932 697 quia
945 597 1055 671 Caesar
1067 596 1169 671 Marii

100 734 228 793 secutus
239 732 291 791 est
297 734 409 818 partes
422 744 431 789 t
442 712 623 815 Pompeius
633 742 710 787 vero
719 713 904 815 S)·llae,qui
914 714 1048 814 quidem
1061 714 1169 815 Sylla,

102 848 134 905 ut
149 830 307 933 superius
324 830 562 927 cognovimus,
590 828 783 905 Sulmonem
803 827 904 904 deleri
930 858 967 903 ac
993 827 1080 904 dirui
1102 830 1172 928 jus-

99 962 194 1033 serat;
210 944 380 1045 ideoquea
395 944 522 1019 Caesare
533 962 618 1019 stare
631 941 818 1017 voluerunt.
834 938 1026 1017 M.Tullius
1037 944 1172 1032 Cicero,

99 1056 152 1133 lib.
169 1061 276 1148 Vlll,
289 1060 331 1134 ad
341 1059 511 1147 Atticum,
526 1058 610 1133 banc
623 1087 693 1134 rem
706 1058 807 1161 paulo
820 1058 914 1133 aliter
928 1077 1041 1133 narrat
1051 1088 1059 1132 ε
1071 1092 1088 1125 <c
1098 1057 1175 1132 Sul-

101 1206 117 1239 »
128 1202 241 1264 mone,
251 1174 374 1276 inquit,
382 1176 419 1251 C.
428 1175 560 1251 Attium
570 1174 745 1271 Peliguum
754 1174 924 1276 aperuisse
932 1176 1084 1247 Antonio
1094 1202 1175 1275 por-

101 1318 117 1353 »
132 1304 200 1377 tas,
214 1316 324 1388 quum
337 1306 447 1365 essem
462 1288 619 1363 cohortes
636 1290 783 1389 quinque
800 1317 809 1362 :
824 1288 869 1385 Q.
888 1288 1080 1362 Lucretium
1098 1286 1176 1376 inde

101 1403 292 1499 »effugisse
302 1402 384 1479 scis:
395 1404 589 1479 Cnaeumire
599 1402 815 1479 Brundisium
827 1402 1003 1478 desertum.
1016 1404 1177 1478 Confecta

102 1552 119 1585 κ
131 1536 258 1597 resest.
272 1554 291 1586 »
302 1522 348 1594 Ar
358 1537 468 1595 tamen
476 1520 582 1618 magis
592 1521 732 1608 Caesari,
752 1521 920 1621 quirebus
929 1522 1083 1617 gerendis
1094 1542 1177 1625 presi

101 1658 185 1727 eut,
199 1666 301 1739 quam
312 1637 442 1713 absenti
454 1638 626 1728 Ciceroni,
640 1638 712 1726 cui,
727 1637 763 1711 id
776 1656 815 1711 ut
823 1638 865 1712 ab
878 1637 952 1713 aliis
962 1639 1176 1737 intelligeret,

100 1780 229 1829 necesse
245 1770 339 1842 erat,
357 1753 555 1829 credendum
571 1782 644 1829 esse
660 1752 816 1827 arbitror.
837 1755 983 1829 Orosius
999 1756 1098 1829 ctiam
1115 1753 1176 1829 lib.

101 1868 239 1968 Vl,cap.
258 1864 311 1954 15,
323 1866 669 1943 Casarissentcntiam
680 1866 1181 1947 confirmaterideturtufinsar

103 2012 158 2087 per
173 1983 381 2075 Antonium,
402 2004 455 2059 Vll
471 1984 645 2073 cohortes,
663 2012 736 2085 quse
753 1985 844 2086 apud
860 1984 1053 2059 Sulmonem
1068 2014 1180 2060 mora·

101 2100 245 2191 bantur,
260 2128 280 2173 a
295 2100 452 2175 Lucretio
471 2100 598 2201 recipit.
621 2134 638 2165 »
650 2098 777 2188 Aliud,
799 2099 890 2201 quod
903 2101 1077 2175 adversum
1085 2098 1181 2175 illum

104 2217 226 2293 referre
243 2216 392 2319 possim,
408 2242 480 2290 non
500 2216 636 2291 memini
657 2244 710 2290 me
727 2215 856 2313 legisse.
874 2217 950 2291 Nisi
964 2217 1106 2292 sormsse
1120 2218 1179 2307 id,

104 2334 192 2433 qnod
209 2329 396 2433 Polybius,
411 2329 471 2405 lib.
486 2333 558 2419 Ill,
571 2349 604 2405 et
616 2332 747 2421 Livius,
764 2331 960 2421 lib.xxl1,
980 2333 1021 2406 de
1034 2332 1182 2428 Pelignis

103 2451 279 2535 scribunt,
306 2447 365 2550 qni
382 2447 632 2524 abfiannibalc
647 2449 807 2526 devastati
820 2468 924 2539 sunt,
944 2480 1012 2552 quo
1032 2469 1183 2554 tempore

104 2565 299 2640 Sulmonem
324 2592 460 2665 quoque
485 2564 597 2667 ipsum
621 2563 748 2668 aliquid
766 2564 869 2642 cledis
887 2585 920 2641 ct
939 2569 1073 2667 jacturae
1090 2596 1182 2642 acce-

102 2682 209 2782 pisse,
226 2680 286 2782 qni
300 2678 426 2779 judicio
444 2678 568 2781 pollet,
584 2678 680 2756 facile
696 2681 764 2756 sibi
783 2683 1008 2782 persuadebit.
1025 2683 1079 2756 Ile
1103 2680 1182 2757 sul-

102 2823 199 2871 mone
217 2796 317 2870 etiam
332 2795 420 2868 idem
438 2795 578 2885 Livius,
604 2793 665 2869 lib.
687 2798 826 2886 XXVI,
843 2796 987 2884 Strabo,
1005 2795 1066 2870 lib.
1088 2799 1131 2885 V,
1149 2803 1188 2872 et'

105 2910 327 2998 Ptolemaeus,
344 2907 404 2984 lib.
433 2912 502 2998 ΙΙΙ,
532 2938 602 3011 cap.
636 2938 676 3000 1,
699 2913 932 2986 meminerunt.
957 2912 1088 2986 Habuit
1114 2913 1184 2987 bec

105 3045 221 3102 nostra
237 3025 321 3099 urbs
337 3026 425 3100 inter
434 3025 519 3102 alios
531 3028 621 3102 viros
635 3024 741 3102 claros
754 3046 927 3129 poetarum
945 3026 1078 3116 lumen,
1093 3013 1198 3102 Ovl-¹

105 3161 204 3218 nturi
223 3174 231 3216 :
252 3142 466 3216 Franciscum
483 3143 685 3231 Barbatum,
706 3143 765 3243 qui
782 3142 877 3216 miles
894 3143 1026 3237 regius,
1041 3159 1075 3217 et
1085 3142 1187 3241 juris-

105 3257 280 3334 consultus
296 3258 436 3332 eximius
451 3257 533 3346 luit,
549 3257 735 3332 Petrarchae
751 3258 895 3344 amicus,
914 3257 957 3332 ad
971 3285 1071 3357 quem
1083 3257 1189 3357 ipsius

103 3393 240 3448 exeunt
251 3371 400 3474 epistole
419 3375 697 3448 :lmocmuuu
715 3373 800 3460 vlt,
817 3390 956 3465 rormr.
976 3391 1065 3447 uix.
1081 3373 1195 3446 'cardi-·

104 3491 200 3566 uales
224 3491 330 3580 duos,
349 3493 513 3566 Joannem
536 3507 570 3566 et
588 3492 783 3567 Cosmatum
806 3489 1024 3579 Melioratos,
1042 3490 1189 3590 ejusdem

105 3605 283 3708 pontilicis
297 3605 409 3682 fratris
426 3604 513 3680 lilios
533 3636 541 3680 :
560 3604 616 3680 ille
634 3604 809 3680 cardinalis
826 3605 868 3680 de
887 3607 1044 3682 Ravenna
1060 3634 1192 3682 nuncu·

104 3742 208 3824 patus
218 3740 284 3810 est,
297 3739 333 3796 et
341 3721 591 3824 disciplinarum
605 3722 756 3796 omniurn
768 3719 1093 3816 intelligentissimus
1106 3722 1190 3798 luite

105 3839 165 3914 bic
178 3834 361 3912 cardinalis
378 3837 419 3912 de
437 3837 588 3927 Ursinis,
607 3855 707 3937 atque
726 3837 861 3932 ingenio
874 3837 1189 3939 perspicacissimus.

109 3953 324 4029 Ludovicnm
353 3952 569 4030 Melioratum
593 3953 697 4028 Firmi
725 3951 934 4056 principem,
954 3953 1013 4054 qui
1031 3955 1193 4028 exercitus

110 4070 211 4146 discis
234 4069 419 4146 Mediolani
444 4069 619 4173 preelectus
639 4087 672 4143 et
694 4069 876 4172 imperator
900 4070 966 4145 suit
986 4102 993 4144 :
1016 4071 1196 4172 episcopos
1241 4134 1244 4138 .

107 4184 319 4276 nonnullos;
345 4205 380 4263 et
396 4188 546 4262 Marcum
565 4185 715 4262 Probum
729 4187 780 4279 sui
796 4187 956 4288 temporis
968 4205 1101 4291 poetam
1114 4186 1195 4262 setis
