3017 5000
435 468 533 535 unu
557 470 591 535 J.
617 468 848 537 nasson.
1118 468 1179 561 137

115 638 131 673 u
148 605 234 707 qnod
252 604 381 707 primus
400 604 575 683 aedificarit
589 608 756 683 Hostilius
769 637 838 682 rex.
855 640 873 673 o
891 608 973 681 Hoc
990 634 1091 681 sensu
1106 635 1186 707 pas-

115 722 169 795 sim
185 722 274 824 apud
291 722 451 822 antiquos
468 724 552 796 cun'o
568 725 658 798 venit
673 753 736 825 pro
748 724 846 812 loro,
860 723 923 797 ubi
935 740 1069 797 senatus
1080 722 1185 796 babe-

114 838 221 925 batur,
240 856 273 912 et
291 838 449 913 translate
467 869 530 941 pro
548 839 624 941 ipso
644 860 778 916 senatus
804 869 863 916 seu
880 858 1014 943 patrum
1039 840 1185 915 conscri-

113 974 239 1057 ptomm
262 985 415 1058 corpore.
444 960 599 1033 Disertus
626 977 677 1033 est
703 958 855 1033 Suetonii
883 956 977 1031 locus
1005 966 1013 996 ¹
1042 955 1082 1031 de
1110 959 1186 1030 Au-

112 1092 202 1169 gusto
219 1075 394 1149 scribens:
415 1110 432 1141 «
451 1076 583 1151 Liberis
604 1092 816 1163 senatorum,
835 1104 904 1177 qno
918 1072 1059 1150 celerius
1073 1064 1186 1175 reipu-

115 1224 130 1253 ι»
147 1188 238 1265 hlicae
255 1210 502 1280 assuescerent,
520 1194 676 1293 protinus
693 1193 822 1268 virilem
841 1212 977 1289 togam,
995 1189 1100 1265 latum
1121 1188 1187 1263 oia-

115 1340 129 1369 »
147 1338 220 1382 mm
239 1308 397 1397 induere,
416 1326 449 1383 et
471 1309 569 1384 curiae
586 1312 761 1399 interesse,
779 1310 949 1414 permisit,
966 1326 1028 1382 ete.
1051 1342 1070 1375 »
1097 1307 1186 1381 Hine

111 1426 191 1527 apud
208 1428 409 1517 Horatium
427 1428 487 1503 lib.
506 1431 558 1517 ll,
579 1429 645 1504 od.
665 1448 701 1517 1,
723 1458 809 1505 vers.
833 1426 876 1501 13
895 1446 928 1502 et
949 1427 1016 1521 14:

335 1575 443 1647 Insigne
455 1576 553 1631 moestis
566 1574 798 1656 presidiumreis,

366 1665 404 1719 Et
414 1666 564 1720 considenti
577 1666 662 1721 ΡοΙΙὶο
678 1666 775 1721 Curiae.

116 1781 157 1853 Et
170 1782 314 1871 Noster,
334 1808 377 1855 ne
394 1780 508 1881 plures
526 1783 694 1883 proferam
718 1799 840 1872 testes,
858 1783 948 1857 Sext.
966 1782 1187 1882 Pompeium,

32 1909 33 1937 ³
115 1924 205 1995 quern
220 1896 396 1975 consulem
411 1898 574 2000 proximis
592 1898 744 1975 kalendis
758 1898 1006 1996 augurabatur,
1025 1925 1066 1971 er
1086 1898 1186 1973 Pont.

32 2090 34 2135 t
112 2010 163 2086 lib.
182 2014 242 2102 lv,
261 2015 372 2115 Epist.
392 2033 448 2103 Ν,
469 2043 552 2089 vers.
573 2014 620 2087 35
638 2033 671 2089 et
689 2012 760 2089 36:

273 2164 350 2217 Currit
362 2174 389 2217 te
403 2162 528 2232 excipiet,
537 2172 679 2233 patresque
692 2182 707 2217 e
723 2182 800 2217 more
813 2163 906 2233 vocati.

302 2253 451 2308 Intendent
465 2273 542 2307 aures
555 2253 587 2307 ad
602 2264 647 2307 tua
657 2255 739 2308 rerba
748 2274 816 2308 suas.

32 2442 34 2469 ἓ
112 2369 202 2457 ltem,
221 2369 351 2443 Foster.
373 2370 432 2443 tib.
457 2374 511 2458 tl,
530 2387 570 2444 ut
588 2369 805 2468 significaret,
825 2372 1054 2466 Angustuma
1076 2367 1188 2441 tribus

32 2505 34 2522 ¹
112 2484 301 2574 ordinibus,
320 2483 471 2588 populo,
489 2505 629 2576 senatu,
648 2506 680 2561 et
697 2485 888 2591 equitibus,
899 2487 1000 2589 potn's
1010 2486 1126 2586 potnit
1138 2484 1187 2557 ti-

112 2602 174 2678 tulo
191 2605 384 2681 decoratum
403 2633 489 2694 esse,
505 2607 553 2683 ait
569 2635 651 2681 vers.
677 2632 742 2706 127
760 2637 768 2680 :

267 2755 365 2808 Sancte
374 2765 453 2823 pater
458 2760 550 2824 potnit
560 2755 568 2808 !
580 2755 627 2810 tibi
640 2771 738 2822 roam,
754 2756 803 2809 tibi
815 2753 904 2808 cnm
916 2773 1006 2807 nomeu

299 2846 361 2900 Hoc
374 2845 461 2912 dedit,
475 2845 525 2900 hoc
539 2843 661 2900 dedimus
671 2865 720 2899 nos
734 2845 781 2899 tibi
794 2864 895 2898 nornen
910 2859 1007 2910 nouas.

154 2970 198 3042 ll.
216 2969 327 3064 Igitur
340 2997 443 3070 quum
459 2967 602 3042 Ovidius
618 2997 711 3068 spem
728 2985 863 3042 senatus
878 2983 998 3068 sponte
1013 2964 1185 3064 abjiceret,

32 3173 33 3178 ἵ
113 3077 210 3154 iatum
222 3112 358 3184 quoque
369 3082 779 3182 clavum,istiussupremi
790 3082 918 3155 ordinis
928 3079 1187 3175 insigne,exuit,

111 3225 144 3270 ac
165 3217 345 3295 angustum
371 3197 499 3273 clavum
525 3199 696 3301 equitibus
724 3201 898 3300 proprium
924 3197 1054 3285 induit,
1072 3197 1187 3298 sicque

111 3313 186 3388 davi
194 3343 338 3389 mensuro
350 3331 456 3388 coacto
469 3330 515 3388 est
523 3345 536 3400 ;
554 3315 734 3420 etquidem
748 3317 810 3390 otii
824 3334 952 3392 tantum
965 3344 1098 3421 amore,
1115 3343 1187 3388 non

111 3460 182 3507 rero
197 3461 305 3507 census
322 3432 477 3506 senatorii
497 3432 638 3508 defectu.
659 3438 694 3509 is
710 3453 820 3508 autem
838 3449 1030 3508 senatnmm
1043 3461 1183 3520 census,

111 3547 229 3648 (quem
243 3547 358 3649 paucis
372 3575 537 3654 exponere
551 3575 620 3621 non
636 3549 699 3622 erit
712 3551 774 3624 abs
787 3549 849 3647 re)
863 3549 1099 3650 octingentorum
1113 3548 1186 3621 mil·

110 3659 178 3733 dum
192 3660 295 3738 fnisse
313 3660 445 3736 videtur
459 3675 498 3735 eir
512 3663 674 3737 Suetonio
693 3673 729 3758 ²¹,
748 3665 854 3738 donec
867 3668 1062 3759 Augustus,
1081 3691 1186 3764 quum

112 3777 203 3853 multi
230 3809 291 3882 per
309 3777 414 3867 bella,
433 3779 541 3854 civilia
564 3809 704 3882 nempe,
723 3781 871 3882 paternis
890 3780 1028 3882 spoliati
1043 3780 1187 3855 inissent
1284 3791 1290 3802 ‘

109 3888 223 3983 bonis,
242 3896 285 3970 ad
300 3897 524 3998 quadringenta
538 3898 637 3972 millia
653 3899 804 3974 eumdem
826 3899 1010 3994 redegerit,
1026 3917 1067 3974 nt
1084 3897 1097 3938 ³
1117 3898 1184 3972 Dio

142 4072 151 4102 ¹
168 4069 200 4122 ln
213 4071 279 4140 Aug.
289 4088 345 4139 cap.
357 4071 397 4124 38.

32 4173 33 4230 ,
142 4160 201 4213 ¹lu
217 4161 282 4230 Aug.
293 4181 349 4232 cap.
362 4164 401 4229 dr.

32 4235 33 4258 ³
144 4247 154 4282 ³
170 4251 296 4308 Lib.le
308 4293 316 4320 ,
329 4273 385 4324 pag.
403 4255 466 4322 532,
482 4257 536 4322 540.
