3017 5000
320 473 386 539 328
509 471 866 540 TESTIMONIA
887 475 957 540 ET
985 471 1214 542 JUDICIA

320 645 338 677 »
358 630 470 686 orator
482 631 594 713 potest
607 630 714 714 poetae
731 611 849 688 similis
862 613 983 701 videri,
997 612 1128 689 solebat
1137 613 1282 690 &eurus
1295 616 1396 690 Mou-

321 762 338 793 n
359 746 471 802 tanum
489 729 738 805 interemtores
764 727 925 804 Ovidium
940 758 1074 818 romre3
1092 759 1168 804 num
1193 748 1228 806 et
1253 729 1397 806 Ovidius

321 880 338 908 »
358 847 479 932 nescit,
499 838 591 948 quod
616 847 700 922 bene
726 848 843 936 cessit,
867 847 1064 950 relinquere.
1091 851 1172 924 Non
1191 846 1298 923 multa
1313 849 1396 924 refe-

201 1033 205 1044 .
320 995 338 1025 »
358 992 448 1050 rant,
468 991 541 1063 quae
560 963 777 1037 Montaniana
801 965 945 1039 Scaurus
962 966 1112 1040 vocabat
1137 969 1215 1041 Uno
1233 967 1300 1040 hoe
1317 994 1397 1041 eon·

325 1113 343 1144 »
363 1095 476 1152 tentos
493 1107 570 1152 ero:
586 1109 691 1181 quum
707 1079 874 1182 Polyxena
891 1099 978 1158 esset
994 1081 1157 1171 abducta,
1176 1099 1215 1156 nt
1230 1081 1274 1157 ad
1287 1101 1398 1158 tumu-

323 1228 340 1257 »
362 1193 430 1270 lum
453 1193 596 1268 Achillis
621 1195 870 1283 immolaretur,
892 1197 1031 1271 Hecuba
1053 1197 1151 1285 dixit,
1170 1197 1309 1272 Metam.
1335 1197 1396 1272 lib.

323 1347 340 1377 n
357 1313 462 1399 XIII,
482 1341 566 1388 uera.
589 1311 660 1386 503
677 1345 683 1386 :

790 1501 795 1512 .
806 1499 829 1516 ..
849 1463 915 1517 einis
927 1463 982 1532 ipse
993 1463 1090 1534 sepulti

518 1553 550 1606 In
561 1572 645 1623 genna
657 1553 709 1618 hoe
722 1564 831 1624 pugnat

323 1739 340 1780 >r
362 1706 498 1781 Poterat
511 1706 578 1779 hoe
594 1681 773 1781 contentus
784 1734 878 1794 esse3
895 1706 1039 1807 adjecit:

571 1926 578 1938 .
589 1927 594 1938 .
605 1927 611 1939 .
631 1889 736 1941 tumulo
747 1905 853 1958 quoqne
864 1888 995 1942 sensimus
1004 1887 1117 1978 hortem.

264 2047 268 2055 '
322 2073 339 2104 »
359 2042 429 2114 Nee
444 2039 510 2112 hoc
525 2057 724 2125 contentus,
744 2038 885 2138 adjecit,

481 2223 602 2279 AEueitae
612 2224 726 2278 secunda
739 2224 795 2278 luia
889 2263 894 2271 ·

321 2415 337 2444 »
359 2379 481 2453 Aiebat
494 2395 603 2451 antem
621 2375 765 2450 Scaurus
783 2404 852 2449 rem
871 2375 981 2451 veram
999 2408 1008 2451 :
1023 2405 1093 2451 non
1111 2375 1223 2451 minus
1239 2406 1397 2473 magnam

320 2532 337 2563 n
360 2497 515 2571 virtutem
531 2520 622 2584 esse,
644 2493 727 2567 scire
742 2492 910 2583 desinere,
929 2521 1029 2593 quarn
1047 2489 1130 2568 seire
1146 2489 1268 2569 dicere.
1289 2528 1308 2559 »

365 2614 478 2697 IDEM,
491 2609 725 2705 Controversia
737 2627 854 2683 xxxlfl
871 2638 879 2681 :
895 2642 912 2673 «
926 2607 1094 2696 Vinicius,
1107 2636 1259 2683 summus
1266 2626 1400 2685 amator

318 2762 336 2793 »
358 2727 498 2812 Ovidii,
525 2726 614 2799 hunc
640 2724 751 2799 aiebat
775 2724 1152 2819 onsumdisemssme
1165 2724 1260 2825 apud
1284 2728 1399 2801 Naso·

319 2878 336 2907 »
356 2872 431 2915 nem
450 2842 609 2916 Ovidium
627 2869 698 2916 esse
719 2840 886 2941 positum,
905 2841 1063 2940 quemad
1081 2840 1397 2938 fingmdassimitn

318 2992 334 3023 n
358 2958 537 3032 sententias
548 2957 656 3032 aiebat
668 2984 738 3029 esse
751 2956 905 3030 memoria
920 2955 1111 3031 tenendum.
1126 2958 1249 3032 Occiso
1262 2956 1397 3031 Achille

316 3112 333 3141 >2
355 3077 420 3150 hoc
436 3076 657 3183 epiphonema
672 3072 832 3177 adponit,
849 3074 934 3147 Met.
951 3070 1013 3147 lib.
1030 3074 1114 3168 XII,
1131 3103 1213 3175 vers.
1234 3072 1308 3175 607
1325 3104 1335 3146 ε

396 3288 400 3295 .
472 3256 563 3329 Quod
577 3257 699 3313 Priamus
708 3256 823 3332 gaudere
833 3276 914 3311 senex
924 3268 982 3328 pert
993 3258 1110 3316 Hectora
1120 3268 1222 3326 mli

477 3352 538 3407 Hoc
548 3348 606 3403 suit.

358 3508 646 3604 Qurrrnnnus,
659 3506 771 3579 Instie.
785 3508 882 3588 Orat.
900 3504 959 3579 lib.
975 3510 1029 3592 X,
1040 3529 1173 3606 espen:
1192 3538 1215 3571 «·
1227 3506 1392 3582 tumim·

310 3657 328 3691 »
347 3624 383 3697 in
401 3622 707 3724 IIeroieis'qnoque
724 3622 890 3709 Ovidius,
908 3640 943 3697 et
959 3620 1243 3698 nimit'm‘arnator
1258 3621 1391 3717 ingenii

311 3773 330 3807 a
349 3740 424 3826 sni3
441 3739 631 3815 landandus.
639 3737 796 3813 tamenin
807 3738 971 3840 partibus.
991 3742 1162 3814 »Etniur
1176 3771 1186 3813 :
1202 3742 1391 3817 «Ovidius

307 3888 328 3921 »
349 3853 487 3931 Tibullo
507 3872 541 3927 et
556 3852 735 3955 Propertio
751 3852 912 3929 lascivior.
934 3888 952 3920 »
977 3856 1024 3929 Et
1044 3854 1165 3929 herum
1189 3886 1198 3928 z
1223 3888 1243 3923 n
1268 3856 1390 3931 Ovidii

308 4002 327 4036 »
346 3970 465 4047 Medea
482 3970 705 4047 videturmlhi
720 3970 910 4059 ostendere,
923 3970 1217 4073 quntrmrirille
1227 3990 1389 4074 prestare

309 4116 327 4149 »
346 4084 517 4185 potuerit,
544 4086 572 4159 si
597 4085 731 4181 ingenio
762 4114 825 4159 sno
850 4095 1061 4187 temperares,
1086 4115 1187 4187 quam
1209 4084 1389 4183 'dulgere

308 4234 327 4266 ν
347 4200 526 4279 metuisset.
545 4236 564 4271 n
584 4204 671 4277 Vide
685 4200 830 4299 Qtrintil„
843 4221 936 4279 nost.
949 4202 1181 4279 edit..vol.·IV.
1295 4201 1298 4208 ’
