3017 5000
413 475 480 543 nn
507 473 885 542 sannauroans.
1118 480 1184 568 295

117 613 216 688 larum
229 613 425 715 scriptorem
437 614 727 702 facundissimum,
741 644 779 690 ac
792 612 886 690 lacile
898 616 1100 718 principem,
1115 617 1185 715 ejns

118 729 254 804 carmina
271 731 307 804 in
326 728 474 806 italicum
489 759 671 806 sermonem
689 731 757 807 sibi
780 733 929 806 converti
947 733 1070 832 jussit,
1091 734 1184 807 arbi·

118 863 217 920 tratas
236 871 312 920 eum
326 845 427 922 latine
445 875 520 922 non
545 845 692 924 loentum
720 876 817 924 esse:
835 877 894 937 ac,
922 852 1053 950 quoties
1077 849 1119 924 de
1143 877 1184 924 eo

116 987 218 1034 sermo
230 959 412 1050 inciderat,
429 961 475 1036 ita
491 961 532 1034 de
544 991 604 1049 co,
619 982 657 1038 ut
668 963 709 1038 de
719 964 867 1039 barbaro
879 964 995 1066 aliquo
1007 1022 1016 1053 ,
1028 981 1063 1039 et
1077 963 1187 1040 latinae

117 1076 231 1186 lingna
249 1077 425 1180 imperito,
444 1079 655 1181 loquebatur.
671 1083 783 1178 Quem
795 1082 851 1156 alii
864 1084 1000 1183 quidam
1010 1082 1137 1170 secuti,
1152 1085 1189 1158 in

117 1195 381 1289 gravissimorum
403 1197 740 1298 doctissimorumque
761 1198 935 1272 bominum
963 1197 1097 1274 aculeos
1117 1225 1187 1273 me·

116 1309 176 1385 rito
193 1311 392 1388 inciderunt.
414 1311 483 1409 Qui
500 1313 608 1400 eninr,
623 1340 756 1412 quaeso,
774 1338 889 1390 sumus
905 1343 990 1404 nos,
1008 1334 1065 1405 nt,
1082 1341 1187 1417 quant

116 1425 151 1500 de
165 1426 265 1502 latini
283 1427 444 1515 mantonis
460 1427 649 1523 integritate
664 1448 700 1504 et
719 1429 881 1528 elegantia
903 1433 1032 1526 agitur,
1046 1449 1114 1506 tam
1126 1458 1188 1508 su-

114 1543 213 1644 perbe
229 1542 394 1642 judicium
411 1543 451 1616 de
467 1543 615 1644 antiquis
627 1547 849 1652 scriptoribus
862 1547 969 1622 lacere
983 1545 1189 1622 audeamus?

117 1660 242 1748 Multa,
270 1662 452 1762 inquiunt,
468 1660 637 1741 innovavit
653 1665 818 1750 Ovidius,
841 1661 964 1739 multas
987 1691 1084 1740 voces
1107 1692 1189 1740 con·

115 1776 227 1866 linxit,
248 1777 581 1881 quibnssnperiores
595 1779 648 1854 usi
665 1805 736 1852 non
753 1799 858 1854 erant
873 1780 970 1854 Unde
986 1781 1071 1868 scis,
1096 1781 1189 1882 quis·

117 1894 188 1993 quis
205 1921 262 1982 es,
278 1895 448 1977 ,innovarit
464 1921 522 1984 ea,
538 1925 580 1969 an
597 1922 615 1968 e
631 1895 895 1982 vetustioribus,
913 1923 999 1995 quos
1014 1921 1106 1968 nnnc
1120 1923 1190 1970 non

116 2009 295 2100 babemus,
312 2011 384 2113 ipse
402 2011 568 2101 babebat,
588 2012 775 2113 acceperit?
794 2011 1028 2112 Quisquamne
1043 2030 1192 2088 veterum

116 2126 308 2200 criticorum
334 2125 492 2200 Ovidium
519 2156 687 2228 unquam,
707 2145 864 2228 tanquam
883 2156 1004 2229 parum
1021 2127 1123 2204 latine
1140 2130 1191 2203 lo·

117 2259 229 2316 cutum
247 2243 401 2317 notavit?
418 2245 465 2316 At
482 2244 539 2318 isti
555 2243 689 2319 delicias
701 2245 864 2328 .lacinnt;
893 2263 929 2318 et
953 2271 1067 2319 vocem
1086 2245 1191 2320 ullam

117 2378 237 2457 negant
255 2389 289 2438 se
304 2361 388 2438 serre
406 2379 525 2463 posse,
542 2389 702 2462 queenon
715 2361 752 2434 in
768 2360 912 2449 Catulli,
926 2361 1093 2449 Lucretii,
1113 2364 1189 2434 Vir·

117 2477 202 2573 gilii,
220 2476 375 2567 Tibulli,
392 2496 427 2555 et
443 2508 626 2581 paucorum
641 2497 815 2581 praeterea,
830 2478 980 2555 versibus
995 2478 1188 2581 reperiatur.

118 2597 257 2692 Quanto
269 2597 378 2681 salius
383 2614 468 2694 esset
478 2594 522 2686 aad
535 2600 703 2685 μᾶχκθαι,
717 2596 1030 2698 utailThucydides
1040 2654 1049 2683 ,
1061 2602 1189 2669 rc'irroa·

117 2714 161 2799 aii
172 2718 284 2812 χρόνῳ,
307 2729 340 2787 et
355 2733 470 2789 corum
485 2714 678 2791 auctoritati
702 2715 931 2816 acquiescere,
949 2740 1092 2816 quornm
1109 2743 1190 2789 mn-

117 2829 222 2906 liones
234 2828 353 2905 melius
365 2860 403 2906 ac
416 2833 558 2919 certius,
577 2860 676 2932 qnam
692 2860 776 2920 nos,
796 2833 837 2906 de
852 2832 958 2907 latino
977 2859 1128 2907 sermone
1139 2834 1191 2932 jn-

119 2940 225 3019 dicare
245 2962 408 3046 poterant.
431 2946 562 3021 Ponam
584 2946 739 3047 equidem
757 2946 839 3047 quid
857 2947 897 3021 de
913 2946 1037 3022 ovidio
1056 2949 1196 3023 senserit

119 3060 462 3162 historicusoptimns,
477 3066 513 3137 C.
528 3062 675 3137 Velleius
686 3061 961 3147 Paterculns,lib.
971 3064 1027 3136 Il:
1044 3097 1061 3127 «
1080 3065 1194 3151 Pane,

123 3212 138 3243 n
158 3178 290 3279 inquit,
309 3178 412 3254 stulta
439 3196 489 3253 est
512 3180 742 3255 inhaerentium
761 3178 869 3253 oculis
887 3180 1095 3275 ingeniorum
1118 3208 1197 3255 enn-

123 3330 140 3359 n
158 3297 417 3385 meratio,inter
430 3324 503 3399 qna
514 3297 658 3371 maxime
670 3297 777 3399 nostri
787 3296 1024 3401 avileminent,
1040 3299 1197 3399 princeps

125 3448 140 3477 a
162 3400 345 3488 carminum
364 3408 548 3509 Virgilius,
575 3413 821 3514 Rabirinsque,
843 3430 877 3487 et
901 3432 1099 3488 consecutus
1125 3414 1200 3487 Sal-

124 3564 141 3593 o
162 3529 301 3605 lnstinm
329 3530 469 3617 Livius,
483 3530 708 3632 Tibullusqne
735 3546 769 3603 et
791 3532 881 3603 Naso
905 3529 1136 3629 perfectissimi
1163 3531 1200 3603 in

125 3677 141 3707 a
161 3642 270 3717 forma
287 3642 400 3743 operis
418 3642 482 3717 sni.
499 3676 517 3709 »ι
534 3644 615 3742 Quo
629 3643 680 3718 vel
694 3672 766 3717 nno
777 3642 971 3717 testimonio
985 3672 1043 3717 eos
1056 3702 1066 3732 ,
1081 3643 1139 3745 qui
1153 3644 1200 3717 ita
1225 3708 1228 3713 .

123 3758 238 3835 acerbe
255 3788 294 3835 ac
320 3758 509 3862 petulanter
534 3762 569 3835 in
590 3760 700 3861 ipsum
717 3760 838 3834 invecti
864 3777 960 3848 sunt,
979 3788 1088 3859 neque
1105 3787 1199 3847 vere,

124 3902 233 3975 neque
248 3874 399 3961 sincere,
418 3874 477 3951 sed
493 3903 532 3954 ex
548 3874 681 3954 adseecu
697 3902 736 3951 ae
748 3874 889 3951 libidine
901 3873 1035 3949 locutos
1051 3902 1138 3961 esse,
1156 3873 1202 3947 si-

124 3991 262 4093 mulque
281 3992 446 4071 inscitiam
462 3994 655 4097 patefecisse
674 4022 789 4083 marn,
815 3994 910 4069 facile
932 3992 1114 4087 intelligere
1139 4008 1201 4065 est.

126 4108 161 4183 Si
177 4110 253 4210 quis
269 4140 347 4185 vero
373 4140 460 4213 opus
487 4111 553 4187 boc
581 4108 759 4209 diligenter
775 4113 950 4214 inspiciat,
969 4112 1110 4213 reperiet
1124 4139 1206 4212 pro-

125 4229 213 4307 lecto
234 4252 357 4307 tantam
385 4250 518 4335 tamque
543 4232 771 4309 admirabilem
793 4233 923 4307 dicendi
949 4233 1081 4335 copiam
1104 4250 1205 4332 atque
