3017 5000
443 420 540 488 PER
563 424 596 488 J.
625 418 856 489 MASSON.
1124 422 1185 487 231

41 538 42 609 ξ
159 566 217 639 lV.
233 564 376 637 Mortuo
389 562 504 639 itidem
520 562 678 659 Augusto
692 563 818 637 Noster
834 590 872 637 ea
884 561 1044 650 insemit,
1059 588 1132 662 quae
1144 559 1192 633 le-

41 714 43 729 *
121 701 234 779 guntur
253 685 342 757 Fast.
362 680 423 755 lib.
438 684 478 769 I,
504 680 565 754 ubi
578 698 678 781 poeta
695 678 892 755 Cumoentm
909 680 950 755 de
962 680 1117 755 Romano
1128 677 1193 753 im-

118 797 199 897 perio
217 796 454 872 vaticinantem
468 796 517 869 sie
532 792 693 868 inducita
708 823 792 869 vers.
815 792 881 867 531
903 825 910 867 :

275 944 312 999 Et
323 962 405 1015 penes
416 944 546 1012 Augustos
558 942 649 1012 patrio
662 939 744 997 tutela
760 940 897 995 mauebit:
1011 970 1014 974 ·

307 1036 386 1089 Hane
398 1034 437 1089 fas
448 1034 553 1105 imperii
565 1032 642 1087 irena
654 1044 746 1088 tenere
758 1032 878 1087 domum.

275 1126 343 1183 lude
353 1142 431 1195 nepos
440 1133 570 1195 uoltuque
581 1125 655 1192 Dur,
669 1124 730 1181 ticet
740 1124 794 1195 ipse
805 1134 916 1186 recuset,

308 1217 433 1272 Pondera
444 1217 539 1273 celesti
551 1229 642 1273 mente
654 1226 765 1287 paterna
779 1217 854 1270 feret.

273 1310 366 1379 thue
378 1330 428 1380 ego
440 1310 574 1379 perpetuis
586 1310 648 1363 olim
660 1310 782 1363 sacrabor
792 1308 820 1361 in
835 1308 901 1370 aris,

309 1401 354 1455 stc
364 1402 504 1459 Auoosrn
515 1418 618 1455 novum
628 1400 648 1453 J
649 1412 716 1455 um
728 1418 832 1453 numen
844 1400 903 1453 erit.

119 1548 151 1593 er
167 1520 293 1620 quibus
307 1520 523 1621 perspicuum
538 1518 600 1605 fit,
619 1535 826 1619 quantopere
843 1515 883 1589 cl.
909 1516 1057 1591 Norisius
1076 1526 1085 1555 ¹
1101 1544 1191 1589 erra·

41 1712 43 1733 ,
119 1637 213 1723 verit,
246 1636 326 1710 dum
342 1634 513 1723 adseruit,
545 1633 705 1710 Ovidium
731 1634 825 1707 libros
854 1632 1024 1707 Fastorum
1051 1633 1189 1707 exsulem

119 1755 280 1856 surprise,
300 1755 420 1827 vivente
440 1751 545 1827 adhuc
567 1753 725 1854 Augusto.
742 1752 877 1826 Etenim
897 1762 942 1826 1⁰.
958 1778 1051 1853 nepos
1066 1751 1121 1827 ille
1132 1780 1190 1824 na-

119 1884 213 1972 tusque
231 1868 318 1957 Dei,
344 1872 403 1973 qui
418 1868 496 1945 iicet
513 1888 697 1958 recusaret,
726 1899 804 1944 mox
822 1887 933 1943 tamen
950 1867 1080 1971 imperii
1101 1897 1189 1971 pon-

41 1982 42 2071 ]
121 1986 188 2061 dero
204 1985 304 2076 tulit,
319 1986 434 2061 nullus
450 2002 538 2061 certe
558 1986 641 2061 alius
660 2004 880 2091 preterquam
895 1984 932 2058 Τ
927 1984 1058 2069 dedus,
1084 1983 1191 2083 adop·

121 2104 198 2179 tione
201 2104 300 2203 filius
316 2104 483 2199 Augusti,
499 2103 567 2203 jam
583 2104 678 2178 Divis
694 2102 923 2191 annumerati,
948 2129 985 2176 ac
1002 2100 1078 2174 ideo
1099 2128 1192 2200 nepos

41 2296 42 2299 ,
120 2222 191 2295 tulii
219 2220 739 2322 Cesaris‚inter1)eosuuque
763 2220 957 2295 consecrati.
992 2220 1069 2320 lpse
1092 2219 1192 2294 etiam

123 2338 275 2429 Tiberius,
298 2354 337 2410 ut
352 2336 490 2411 Tacitus
508 2346 521 2376 ²
541 2355 701 2424 testatur,
723 2336 882 2439 perplexa
898 2354 932 2410 et
955 2335 1097 2410 obscura
1117 2364 1192 2408 ora-

124 2454 201 2530 tione
218 2452 395 2554 imperium
412 2482 431 2528 a
450 2480 484 2528 se
501 2454 646 2554 primum
664 2453 798 2555 rejicere
816 2451 943 2540 voluit,
958 2481 1019 2527 nec
1037 2452 1071 2525 id
1087 2480 1122 2527 se
1139 2481 1193 2526 ac·

41 2621 42 2624 =
122 2571 219 2673 cipere
235 2567 425 2656 simulavit,
442 2569 509 2645 nisi
525 2588 704 2674 postquam
721 2589 856 2644 senatus
868 2569 1027 2672 precibus
1040 2570 1189 2644 ursisset.

123 2685 215 2782 Quod
233 2703 267 2760 et
285 2684 465 2759 Suetonius
478 2683 594 2786 paucis
605 2683 751 2758 narravit
766 2683 778 2722 ³
795 2715 802 2757 :
821 2718 837 2747 ιι
857 2683 1106 2784 Principatum,
1122 2684 1191 2772 ait,

125 2835 139 2866 u
157 2801 307 2904 quamvis
324 2828 434 2904 neque
451 2829 614 2904 occupare
631 2801 828 2888 confestim,
842 2829 951 2904 neque
974 2829 1071 2898 agere
1094 2799 1195 2875 dubi-

126 2954 140 2984 »
159 2938 329 3010 moschet
344 2920 489 2999 statione
506 2917 673 3007 militum,
689 2921 755 3002 hoc
773 2939 843 3010 est,
861 2922 944 2996 vict
962 2921 1073 3020 specie
1086 2920 1193 2994 domi·

126 3071 141 3100 u
156 3038 301 3118 notionis
327 3037 498 3127 adsumta,
521 3035 580 3112 diu
599 3053 708 3116 tamen
731 3054 931 3112 ttEcthtvtr
948 3037 1062 3134 (NB.)
1080 3037 1195 3140 impu-

126 3189 142 3218 a
160 3153 352 3232 deotissimo
367 3153 498 3242 auimo,
518 3171 580 3228 etc.
597 3187 615 3224 s
628 3151 864 3228 Velleiusvcro
875 3153 970 3227 testis
987 3179 1196 3228 coaevusrem

126 3297 179 3348 suo
190 3297 305 3357 more,
322 3269 358 3344 id
372 3287 438 3358 est,
450 3267 654 3356 adulatorie,
674 3269 721 3344 sic
734 3269 855 3355 tradit,
872 3267 933 3342 lib.
946 3272 1002 3357 ll,
1015 3299 1087 3370 cap.
1111 3272 1195 3361 124:

129 3420 143 3448 u
163 3385 234 3460 Una
261 3401 373 3462 umen
394 3381 487 3460 velut
511 3383 651 3460 luctatio
669 3383 812 3458 civitatis
826 3384 909 3469 fuit3
927 3384 1198 3485 pugnautiseum

130 3533 146 3564 1>
164 3501 287 3576 Caesare
310 3517 446 3574 senatus
462 3499 650 3603 populique
673 3499 821 3586 romani,
839 3517 880 3573 ut
895 3499 1034 3573 stationi
1050 3517 1197 3600 paterno

131 3649 145 3678 ιι
162 3615 349 3690 succederet
362 3613 495 3704 :illius‚
513 3633 554 3690 ut
564 3616 680 3718 potius
691 3614 851 3717 equalem
865 3615 985 3700 civem,
1003 3645 1102 3718 quam
1116 3617 1199 3690 emi-

131 3765 145 3794 n
164 3750 292 3807 nentem
310 3731 425 3806 liceret
439 3759 534 3827 agere
552 3732 749 3835 principem.
764 3731 915 3806 Tandem
931 3735 1038 3827 magis
1053 3734 1197 3823 ratione,

132 3879 147 3910 ν»
166 3877 258 3948 quam
276 3849 407 3924 honore
424 3850 532 3923 victus
548 3867 598 3923 cst
613 3879 620 3923 :
636 3877 741 3951 quum
756 3848 924 3950 quidquid
947 3849 1109 3926 tuendum
1129 3877 1200 3926 non

125 4079 129 4086 ,
160 4023 168 4050 ¹
185 4019 223 4074 De
236 4021 334 4074 Ceuot.
347 4021 436 4076 Pisas.
448 4041 505 4092 pag.
519 4040 575 4078 aot.

161 4113 170 4142 ²
186 4111 279 4166 douai
289 4112 334 4165 tib.
346 4111 359 4166 l
371 4111 430 4167 init.

155 4199 170 4281 ᾗ
183 4201 214 4255 lu
227 4203 287 4257 Tib.
300 4223 355 4272 cap.
371 4208 409 4269 24.
