3017 5000
401 556 405 565 .
447 493 544 559 PER
567 493 600 559 J.
627 492 858 561 Messon.
1124 491 1184 558 165

127 633 206 735 paud
221 662 307 734 opus
324 631 444 710 theatro
461 634 663 709 destinatum
684 634 809 722 luisse,
829 634 952 709 docent
974 634 1072 709 etiam
1088 662 1187 735 supe·

126 752 218 827 tiores
233 780 315 830 vers.
333 749 355 823 3
371 770 406 827 et
420 753 464 843 4:

276 899 338 951 Hoc
350 916 455 967 qnoque
470 898 545 966 jussit
557 900 643 951 Amor
653 916 660 949 e
672 874 763 966 procul
774 897 852 962 ltine,
865 898 957 967 procul
968 908 1022 953 este
1033 918 1131 952 severe
1143 920 1149 950 ε

310 990 372 1043 Non
384 988 446 1057 estis
457 988 554 1042 teneris
564 998 638 1059 apta,
651 991 764 1050 theatra,
780 988 875 1043 modis.

169 1117 210 1191 V.
228 1118 279 1189 Ex
296 1114 362 1189 illis
377 1143 456 1188 vero
474 1116 618 1189 Nasonis
634 1114 794 1215 operibus
806 1116 928 1214 tragicis
943 1115 1096 1190 laudatur
1106 1142 1189 1217 pcae-

129 1232 229 1305 sertim
243 1232 285 1305 ab
303 1232 451 1331 antiquis
467 1230 604 1316 Medea,
622 1231 740 1333 deque
757 1248 874 1304 auctor
886 1231 1023 1327 Dialogi
1040 1233 1080 1305 de
1099 1232 1188 1306 Ora-

129 1350 244 1423 toribus
262 1382 270 1423 :
293 1384 310 1415 «
328 1350 420 1435 Nec,
439 1349 486 1422 ait
506 1357 529 1435 ¹,
547 1347 636 1422 ullus
654 1349 763 1423 Asinii
779 1366 838 1423 aut
855 1349 1006 1424 Messalae
1021 1350 1189 1423 libertam

131 1497 146 1529 u
162 1462 294 1538 illustris
306 1482 372 1552 est,
387 1492 485 1565 quam
499 1466 636 1537 Manna
646 1463 776 1537 Ovmlt
787 1518 796 1550 ‚
809 1481 866 1537 aut
877 1464 967 1539 Varii
979 1465 1151 1566 Thyestes.
1167 1498 1185 1530 »

129 1580 346 1678 Quintilianus
364 1592 378 1619 ²
397 1610 532 1683 quoquc
549 1580 636 1655 idem
656 1609 741 1682 opus
758 1580 912 1656 extollit:
932 1616 949 1647 α
968 1585 1097 1657 0V1btt
1110 1586 1189 1656 ΜΕ-

131 1716 243 1784 »ΒΕΑ,
268 1697 398 1799 inquit,
424 1696 556 1772 videtur
577 1699 660 1771 mihi
682 1698 856 1773 ostendere
881 1719 1042 1799 qnantum
1059 1700 1110 1774 vir
1132 1697 1190 1772 ille

131 1831 309 1911 »prestare
325 1814 491 1914 potuerit,
512 1814 541 1890 si
557 1814 692 1910 ingenio
716 1842 778 1887 suo
795 1832 997 1915 temperare,
1017 1844 1116 1916 quam
1139 1816 1190 1888 iu·

132 1928 290 2025 »dulgere
309 1927 491 2004 maluisset.
509 1964 526 1995 »
548 1930 765 2009 Reccutiores
782 1932 978 2006 omittimus.

524 2102 791 2123 mm

262 2274 345 2325 Anno
357 2282 419 2326 ante
432 2272 464 2326 C.
473 2290 501 2339 ις
514 2274 549 2327 U.
563 2271 728 2340 C.nccc111;
742 2272 833 2329 Ovidii
845 2290 903 2327 xm
913 2283 940 2327 et
953 2289 1031 2327 suu.

152 2409 266 2467 COSSO
280 2412 397 2469 CORN.
409 2412 605 2479 LENTULO,
620 2413 650 2465 L.
663 2412 889 2467 cauponato
901 2412 1040 2468 PISONE
1053 2412 1155 2469 COSS.

134 2581 136 2586 ·
169 2555 193 2626 l.
220 2555 317 2628 Httlc
343 2553 539 2628 citissimum
567 2582 656 2628 anno
687 2553 778 2626 venit
804 2551 1078 2643 adscribendum,
1097 2555 1190 2655 quod

132 2670 259 2746 Ovidius
278 2671 362 2758 sibi,
385 2671 473 2745 edita
489 2671 554 2769 jam
572 2674 658 2746 Ante
674 2671 860 2756 Ammonia,
881 2670 1060 2767 obtigisse,
1079 2675 1188 2764 canit,

130 2787 216 2861 Trist.
235 2788 293 2864 lib.
309 2791 362 2878 ll,
377 2792 493 2863 Artem
510 2785 621 2875 illam,
638 2816 711 2890 quac
722 2788 889 2890 precipua
902 2790 954 2864 sui
970 2790 1076 2865 exsilii
1091 2821 1188 2868 eausa

132 2899 302 2993 dicebatur,
320 2904 411 3007 apud
426 2906 618 3001 Augustum
635 2903 822 2994 vindicans,
841 2932 926 2979 vers.
948 2905 1129 3008 539-546:

278 3051 335 3105 Nos
346 3051 638 3124 quoque,J’ampr1'dem
649 3051 745 3120 scripto
759 3052 923 3122 peccavimus
930 3072 1004 3120 uno;

312 3141 476 3212 Supplicium
488 3142 587 3211 patitur
597 3162 648 3194 nou
660 3161 725 3195 noea
735 3146 811 3210 culpa
822 3162 940 3196 novum:

282 3231 463 3304 Carminaque
474 3234 615 3295 caeteram,
629 3253 711 3302 quum
724 3244 750 3287 te
762 3235 856 3288 delata
866 3244 1010 3298 notantem,

312 3327 429 3380 Preten'i
437 3325 513 3379 toties
524 3326 583 3394 jure
596 3323 607 3356 ³
618 3326 721 3394 quietus
730 3345 812 3393 eques.

280 3416 368 3487 Ergo,
382 3419 542 3486 qualisvem'
548 3419 613 3470 nuti
622 3436 677 3470 uon
690 3415 810 3470 nocitura
822 3416 911 3486 putavi

312 3508 416 3578 Scripta
427 3525 521 3578 parum
530 3507 662 3577 prudens,
673 3527 747 3562 nunc
758 3527 875 3563 nocuere
884 3510 962 3562 seni?

283 3601 345 3652 Sera
357 3598 516 3653 redundavit
528 3604 618 3652 vetera
631 3587 746 3651 ¹vindicta
759 3597 846 3652 libelli.

133 3753 191 3824 qua
206 3756 307 3828 quum
326 3725 389 3801 sub
408 3724 460 3801 sui
477 3722 583 3800 exsilii
600 3751 638 3797 ac
654 3725 732 3797 anni
749 3726 797 3798 U.
822 3725 860 3797 C.
887 3741 1044 3800 ltchttltt
1068 3726 1192 3826 princi-

156 3898 163 3928 ¹
180 3895 238 3967 Cep.
259 3898 296 3952 13.

156 3990 167 4019 ²
181 3989 257 4045 lustit.
269 3990 312 4046 lib.
325 3993 367 4058 Χ,
386 3994 469 4061 capd
484 3990 553 4045 uid.
566 4001 593 4044 et
604 3991 647 4046 lib.
659 3990 745 4056 Vlll,
762 4011 817 4061 cap.
829 3994 852 4045 5.

156 4074 165 4108 ³
179 4077 260 4150 Vulgo
270 4081 368 4152 legitur
377 4085 538 4150 irrepaee'etm.
559 4082 601 4134 vel
614 4081 694 4136 etiam
706 4080 734 4134 iu
752 4080 812 4135 eod.
827 4080 902 4140 MSS
916 4087 1076 4152 inrequietus.
1088 4080 1190 4151 Lipsius

134 4165 222 4220 verode
233 4167 314 4222 Milite
330 4167 410 4222 Rom.
428 4165 471 4221 lib.
483 4167 496 4220 l
508 4207 516 4234 ,
529 4166 631 4238 Dialog.
651 4183 683 4234 v,
703 4171 749 4222 ille
765 4174 879 4237 quietes,
900 4167 1043 4239 wadum
1061 4167 1191 4222 censebat.

137 4243 216 4304 Melius
226 4263 313 4322 postea
324 4253 356 4306 cl.
372 4249 429 4308 Nic.
443 4249 570 4308 Heinsius
579 4271 610 4306 ex
621 4251 704 4306 tribus
717 4250 832 4322 antiquis
843 4251 984 4321 MSSjm
994 4257 1092 4324 quietus
1100 4250 1190 4308 edidit.
