3017 5000
354 488 424 558 DE
446 491 485 556 P.
513 487 711 558 OVIDIO
735 487 958 558 Nasotttt.
1131 491 1193 560 331

129 626 391 731 quoties'l'ibulli
405 630 548 705 carmina
564 628 659 728 lego,
677 629 763 704 nihil
776 629 920 732 amplius
935 631 1070 733 requiro
1089 661 1198 736 neque

127 746 323 834 venustatis,
338 775 445 848 neque
462 744 632 842 elegantiae
651 776 660 820 ε
683 746 871 822 doctrinam
892 765 1001 822 autern
1028 765 1063 823 et
1087 748 1198 824 erudi-

128 862 245 938 tionem
272 863 428 937 admiror.
459 863 583 937 Omnia
611 881 679 937 arte
706 861 888 965 studioque
913 892 1044 938 summo
1067 862 1198 939 elimata

127 975 201 1050 mibi
218 975 382 1052 videntur.
400 981 518 1078 ltaque
533 975 570 1049 in
581 976 723 1052 maxima
736 976 909 1066 facilitate,
927 975 986 1052 illa
999 995 1107 1052 tamen
1120 1005 1199 1052 cura

128 1092 359 1170 elaborationis
371 1114 405 1171 et
417 1093 824 1197 diligentia'conspicitnr.
839 1095 953 1170 Verba
965 1096 1090 1198 optima
1100 1153 1109 1183 ,
1120 1123 1199 1172 sen-

129 1211 230 1285 teutiae
246 1211 440 1312 exquisitae,
456 1210 656 1312 compositio
673 1211 850 1299 omnibns,
867 1212 1034 1301 malunt,
1051 1213 1197 1289 numeris

127 1327 281 1427 perlecta.¹
293 1329 345 1400 Ex
362 1355 430 1428 quo
448 1353 581 1402 necesse
597 1346 648 1402 est
659 1328 724 1401 hoc
738 1345 980 1428 consequatur,
999 1327 1142 1403 carmina
1158 1347 1198 1403 nt

127 1443 188 1516 sint
201 1461 235 1517 et
252 1471 396 1533 cauma,
414 1461 449 1518 et
464 1442 655 1546 splendida,
674 1462 707 1518 et
723 1445 895 1518 concinna.
924 1443 1018 1540 Quid
1034 1461 1144 1519 autem
1160 1445 1197 1518 in

128 1560 264 1649 Ouidio,
283 1589 396 1663 quaeve
413 1561 485 1638 lans
502 1562 652 1638 eminet?
670 1561 819 1637 Primum
833 1561 960 1659 ingenii
973 1578 1064 1636 tanta
1075 1564 1142 1652 vis,
1156 1589 1194 1638 ac

127 1689 188 1748 taur
205 1673 330 1772 agiles,
349 1693 482 1778 tamque
499 1675 620 1752 celeres
638 1692 771 1765 motois,
788 1692 856 1751 tarn
868 1693 1023 1777 prompta
1038 1675 1194 1764 facultas,

127 1807 211 1866 tauta
224 1789 360 1866 bonitas
377 1792 413 1866 in
433 1791 496 1866 hac
519 1809 613 1893 parte
633 1807 784 1882 natura,
802 1809 842 1865 ot
858 1791 895 1864 in
909 1791 999 1867 taciti
1021 1810 1055 1867 et
1069 1809 1195 1868 extem-

127 1903 228 2008 porali
252 1933 371 2004 genere
393 1905 566 2008 quodam,
592 1903 679 1978 nibil
700 1905 847 2007 reperias
871 1934 940 1980 non
964 1905 1074 1981 solnm
1103 1906 1195 2008 quod

127 2020 253 2122 scriptis
269 2020 361 2098 illius
379 2022 561 2110 anteferre,
587 2019 645 2094 sed
670 2047 712 2093 ne
733 2020 886 2094 conferre
908 2021 1043 2121 quidem
1063 2022 1194 2125 possis;

127 2135 204 2212 nihil
217 2137 254 2212 in
266 2136 540 2226 illis'sollieitum,
554 2135 639 2212 nibil
653 2137 844 2238 quesitum,
859 2134 943 2211 nibil
955 2139 1195 2212 anxium-Sen-

128 2255 233 2330 tentiis
241 2255 342 2331 rerba
354 2273 533 2353 urgentur,
546 2254 648 2329 verba
661 2253 842 2329 sententias
854 2254 1003 2329 incitant.
1018 2253 1120 2330 Nulla
1133 2283 1195 2329 co·

127 2371 193 2472 pia,
208 2372 340 2448 nullom
353 2389 613 2458 ‘ornamentum
631 2369 723 2444 nulla
739 2369 881 2467 insignia
906 2388 986 2445 sunt
1007 2371 1192 2461 orationis,
1297 2423 1302 2431 -

128 2518 193 2590 quae
207 2519 278 2566 non
294 2487 491 2585 investigata
507 2487 640 2591 quidem
654 2505 713 2561 aut
725 2488 915 2589 conquisita
930 2488 1053 2563 luerint
1070 2488 1112 2564 ab
1128 2490 1193 2565 boc

125 2622 236 2704 poeta,
254 2604 313 2682 secl
329 2634 403 2709 qua
418 2633 490 2679 non
505 2603 556 2678 illi
570 2602 662 2679 ultro
679 2604 885 2679 occurrerint
899 2623 933 2680 et
947 2604 1191 2706 subpetierint3

126 2740 160 2795 ut
170 2722 233 2821 jam
241 2720 414 2823 aliquibus
422 2719 604 2796 fastidiosis
611 2712 753 2809 scilicet,
764 2720 944 2797 offensioni
954 2721 1076 2820 magis,
1093 2751 1193 2825 quam

127 2826 328 2913 delectationi
350 2838 421 2914 lraec
448 2866 520 2913 esse
542 2836 691 2925 soleant,
711 2855 743 2913 et
770 2836 879 2913 dolori
895 2837 1033 2928 invidis,
1057 2867 1097 2914 er
1122 2868 1193 2941 quo

127 2950 317 3029 obtrectatio
332 2952 457 3029 alienas
474 2952 569 3055 qnasi
585 2950 716 3026 clivin‘as
731 2950 898 3030 insectans
914 2955 1068 3030 nascitur.

267 3227 270 3235 '
359 3226 588 3331 'ronta
618 3254 926 3345 accolaci,

427 3430 577 3494 (aucruu
587 3440 712 3481 nronoro
726 3426 886 3490 ruricio.)

283 3566 340 3621 Esr
352 3564 437 3637 gravis
447 3576 474 3618 et
486 3564 586 3633 cultus,
601 3582 721 3634 puroque
732 3560 880 3620 obnillimus
894 3562 984 3630 amni,

315 3656 461 3727 Dulcioqne
472 3655 579 3726 eloquio
590 3652 668 3711 verba
680 3652 801 3709 Tibullus
811 3654 902 3713 hebet.

283 3746 373 3802 Mollis
384 3758 412 3802 et
422 3746 570 3817 abstrusus,
585 3746 724 3816 tenerique
736 3744 892 3815 Propertius
904 3746 974 3811 oria,

317 3840 459 3898 Interdum
470 3836 575 3893 Baccho
585 3838 631 3893 sed
645 3837 725 3893 trabit
736 3837 779 3891 ille
790 3837 894 3907 pedem.

283 3932 318 3986 At
331 3930 414 3985 labilis
424 3930 501 3985 Naso
511 3968 518 3996 ,
530 3928 632 3984 sulcans
644 3928 725 3997 pleno
736 3944 844 3998 aequora
858 3924 934 3995 velo,

313 4022 425 4078 Pectore
439 4016 566 4077 Castalius
577 4016 657 4074 divite
669 4018 761 4075 tundit
772 4036 844 4088 opes.

281 4111 339 4167 tto.
351 4110 466 4167 celebrat
478 4110 587 4165 blandos
600 4108 708 4181 Elegeia
719 4110 798 4165 docta
807 4121 914 4181 poetas:

318 4200 421 4267 Diversi
433 4200 565 4271 quamvis,
578 4198 633 4255 laus
643 4220 832 4273 unoquemque
846 4211 944 4256 manet.
