<?xml version="1.0" encoding="UTF-8"?>
<!DOCTYPE html PUBLIC "-//W3C//DTD XHTML 1.0 Transitional//EN"
    "http://www.w3.org/TR/xhtml1/DTD/xhtml1-transitional.dtd">
<html xmlns="http://www.w3.org/1999/xhtml" xml:lang="en" lang="en">
 <head>
  <title>
</title>
<meta http-equiv="Content-Type" content="text/html;charset=utf-8" />
  <meta name='ocr-system' content='tesseract 3.04.00' />
  <meta name='ocr-capabilities' content='ocr_page ocr_carea ocr_par ocr_line ocrx_word'/>
</head>
<body>
  <div class='ocr_page' id='page_1' title='image "./publiiovidiinas01unkngoog/publiiovidiinas01unkngoog_0271.png"; bbox 0 0 3017 5000; ppageno 0'>
   <div class='ocr_carea' id='block_1_1' title="bbox 332 420 1404 670">
    <p class='ocr_par' dir='ltr' id='par_1_1' title="bbox 332 420 1404 670">
     <span class='ocr_line' id='line_1_1' title="bbox 334 420 1293 495; baseline -0.001 0"><span class='ocrx_word' id='word_1_1' title='bbox 334 426 400 495; x_wconf 79' lang='lat' dir='ltr'><strong>&#39;ttio</strong></span> <span class='ocrx_word' id='word_1_2' title='bbox 444 422 652 495; x_wconf 82' lang='lat' dir='ltr'><strong>DISSERT.</strong></span> <span class='ocrx_word' id='word_1_3' title='bbox 667 424 729 492; x_wconf 85' lang='lat' dir='ltr'><strong>DE</strong></span> <span class='ocrx_word' id='word_1_4' title='bbox 745 422 902 493; x_wconf 87' lang='lat' dir='ltr'>OVIDII</span> <span class='ocrx_word' id='word_1_5' title='bbox 915 420 1104 492; x_wconf 74' lang='lat' dir='ltr'><strong>Exlelo</strong></span> <span class='ocrx_word' id='word_1_6' title='bbox 1121 424 1182 493; x_wconf 85' lang='lat' dir='ltr'><strong>ET</strong></span> <span class='ocrx_word' id='word_1_7' title='bbox 1201 422 1293 495; x_wconf 83' lang='lat' dir='ltr'><strong>SEP.</strong></span> 
     </span>
     <span class='ocr_line' id='line_1_2' title="bbox 332 546 1404 670; baseline 0.002 -27"><span class='ocrx_word' id='word_1_8' title='bbox 332 565 392 643; x_wconf 93' lang='lat' dir='ltr'><strong>lib.</strong></span> <span class='ocrx_word' id='word_1_9' title='bbox 410 568 498 657; x_wconf 88' lang='lat' dir='ltr'>x11‚</span> <span class='ocrx_word' id='word_1_10' title='bbox 517 566 577 642; x_wconf 86' lang='lat' dir='ltr'><strong>lol.</strong></span> <span class='ocrx_word' id='word_1_11' title='bbox 602 564 686 668; x_wconf 84' lang='lat'><strong>967,</strong></span> <span class='ocrx_word' id='word_1_12' title='bbox 711 583 863 667; x_wconf 80' lang='lat' dir='ltr'><strong>tempore</strong></span> <span class='ocrx_word' id='word_1_13' title='bbox 883 564 1052 641; x_wconf 80' lang='lat' dir='ltr'><strong>Frederici</strong></span> <span class='ocrx_word' id='word_1_14' title='bbox 1066 568 1137 655; x_wconf 88' lang='grc' dir='ltr'><strong>ΠΙ,</strong></span> <span class='ocrx_word' id='word_1_15' title='bbox 1152 546 1306 670; x_wconf 84' lang='lat' dir='ltr'><strong>imperat.</strong></span> <span class='ocrx_word' id='word_1_16' title='bbox 1321 568 1404 647; x_wconf 87' lang='lat' dir='ltr'><strong>alind</strong></span> 
     </span>
    </p>
   </div>
   <div class='ocr_carea' id='block_1_2' title="bbox 323 689 1407 3489">
    <p class='ocr_par' dir='ltr' id='par_1_2' title="bbox 323 689 1407 3489">
     <span class='ocr_line' id='line_1_3' title="bbox 330 689 1404 793; baseline 0.002 -28"><span class='ocrx_word' id='word_1_17' title='bbox 330 690 423 767; x_wconf 92' lang='lat' dir='ltr'><strong>illius</strong></span> <span class='ocrx_word' id='word_1_18' title='bbox 439 710 546 793; x_wconf 82' lang='lat' dir='ltr'><strong>poetae</strong></span> <span class='ocrx_word' id='word_1_19' title='bbox 564 707 818 765; x_wconf 88' lang='lat' dir='ltr'><strong>monumentum</strong></span> <span class='ocrx_word' id='word_1_20' title='bbox 844 706 1015 790; x_wconf 87' lang='lat' dir='ltr'><strong>repertum</strong></span> <span class='ocrx_word' id='word_1_21' title='bbox 1040 689 1160 765; x_wconf 82' lang='lat' dir='ltr'><strong>scribit</strong></span> <span class='ocrx_word' id='word_1_22' title='bbox 1182 692 1351 771; x_wconf 67' lang='lat' dir='ltr'><strong>samaria</strong></span> <span class='ocrx_word' id='word_1_23' title='bbox 1371 695 1404 767; x_wconf 90' lang='lat' dir='ltr'><strong>in</strong></span> 
     </span>
     <span class='ocr_line' id='line_1_4' title="bbox 330 812 1404 916; baseline 0.001 -28"><span class='ocrx_word' id='word_1_24' title='bbox 330 816 497 912; x_wconf 82' lang='lat' dir='ltr'><strong>Ungaria,</strong></span> <span class='ocrx_word' id='word_1_25' title='bbox 518 812 613 916; x_wconf 88' lang='lat' dir='ltr'><strong>qnod</strong></span> <span class='ocrx_word' id='word_1_26' title='bbox 627 813 807 915; x_wconf 90' lang='lat' dir='ltr'><strong>episcopus</strong></span> <span class='ocrx_word' id='word_1_27' title='bbox 819 812 1029 889; x_wconf 75' lang='lat' dir='ltr'><strong>laurinensis</strong></span> <span class='ocrx_word' id='word_1_28' title='bbox 1049 812 1123 913; x_wconf 85' lang='lat' dir='ltr'><strong>jure</strong></span> <span class='ocrx_word' id='word_1_29' title='bbox 1144 812 1327 891; x_wconf 79' lang='lat' dir='ltr'><strong>dioeoeseos</strong></span> <span class='ocrx_word' id='word_1_30' title='bbox 1344 814 1404 891; x_wconf 88' lang='lat' dir='ltr'><strong>sibi</strong></span> 
     </span>
     <span class='ocr_line' id='line_1_5' title="bbox 329 933 1404 1039; baseline 0 -26"><span class='ocrx_word' id='word_1_31' title='bbox 329 938 559 1027; x_wconf 85' lang='lat' dir='ltr'><strong>vindicaverit,</strong></span> <span class='ocrx_word' id='word_1_32' title='bbox 570 953 734 1039; x_wconf 87' lang='lat' dir='ltr'><strong>putatque</strong></span> <span class='ocrx_word' id='word_1_33' title='bbox 743 933 879 1012; x_wconf 90' lang='lat' dir='ltr'><strong>indultu</strong></span> <span class='ocrx_word' id='word_1_34' title='bbox 891 936 1068 1037; x_wconf 89' lang='lat' dir='ltr'><strong>impetrato</strong></span> <span class='ocrx_word' id='word_1_35' title='bbox 1077 936 1240 1013; x_wconf 85' lang='lat' dir='ltr'><strong>Ovidium</strong></span> <span class='ocrx_word' id='word_1_36' title='bbox 1252 939 1404 1014; x_wconf 83' lang='lat' dir='ltr'><strong>exPonto</strong></span> 
     </span>
     <span class='ocr_line' id='line_1_6' title="bbox 328 1058 1405 1161; baseline 0 -25"><span class='ocrx_word' id='word_1_37' title='bbox 328 1061 502 1137; x_wconf 88' lang='lat' dir='ltr'><strong>Sabariam</strong></span> <span class='ocrx_word' id='word_1_38' title='bbox 524 1088 559 1136; x_wconf 92' lang='lat' dir='ltr'><strong>se</strong></span> <span class='ocrx_word' id='word_1_39' title='bbox 579 1058 781 1150; x_wconf 85' lang='lat' dir='ltr'><strong>contulisse,</strong></span> <span class='ocrx_word' id='word_1_40' title='bbox 803 1058 921 1161; x_wconf 84' lang='lat' dir='ltr'>ibique</span> <span class='ocrx_word' id='word_1_41' title='bbox 945 1076 1116 1135; x_wconf 89' lang='lat' dir='ltr'><strong>mortuum</strong></span> <span class='ocrx_word' id='word_1_42' title='bbox 1143 1088 1225 1136; x_wconf 87' lang='lat' dir='ltr'><strong>esse.</strong></span> <span class='ocrx_word' id='word_1_43' title='bbox 1253 1062 1339 1157; x_wconf 78' lang='lat' dir='ltr'><strong>Qnae</strong></span> <span class='ocrx_word' id='word_1_44' title='bbox 1357 1088 1405 1135; x_wconf 83' lang='lat' dir='ltr'><strong>res</strong></span> 
     </span>
     <span class='ocr_line' id='line_1_7' title="bbox 329 1182 1405 1287; baseline 0.001 -28"><span class='ocrx_word' id='word_1_45' title='bbox 329 1184 537 1261; x_wconf 87' lang='lat' dir='ltr'><strong>tantumdem</strong></span> <span class='ocrx_word' id='word_1_46' title='bbox 562 1183 638 1259; x_wconf 86' lang='lat' dir='ltr'><strong>lidei</strong></span> <span class='ocrx_word' id='word_1_47' title='bbox 665 1184 784 1261; x_wconf 87' lang='lat' dir='ltr'><strong>mereri</strong></span> <span class='ocrx_word' id='word_1_48' title='bbox 807 1182 959 1273; x_wconf 84' lang='lat' dir='ltr'><strong>ridetur,</strong></span> <span class='ocrx_word' id='word_1_49' title='bbox 976 1202 1079 1287; x_wconf 84' lang='lat' dir='ltr'><strong>atque</strong></span> <span class='ocrx_word' id='word_1_50' title='bbox 1102 1182 1210 1276; x_wconf 84' lang='lat' dir='ltr'><strong>illud,</strong></span> <span class='ocrx_word' id='word_1_51' title='bbox 1229 1185 1322 1286; x_wconf 88' lang='lat' dir='ltr'><strong>quod</strong></span> <span class='ocrx_word' id='word_1_52' title='bbox 1343 1187 1405 1260; x_wconf 85' lang='lat' dir='ltr'><strong>lsa-</strong></span> 
     </span>
     <span class='ocr_line' id='line_1_8' title="bbox 327 1306 1405 1406; baseline -0.003 -22"><span class='ocrx_word' id='word_1_53' title='bbox 327 1307 434 1398; x_wconf 87' lang='lat' dir='ltr'><strong>bella,</strong></span> <span class='ocrx_word' id='word_1_54' title='bbox 449 1309 563 1406; x_wconf 85' lang='lat' dir='ltr'><strong>regina</strong></span> <span class='ocrx_word' id='word_1_55' title='bbox 581 1307 761 1405; x_wconf 77' lang='lat' dir='ltr'><strong>Ungariae,</strong></span> <span class='ocrx_word' id='word_1_56' title='bbox 780 1306 882 1381; x_wconf 85' lang='lat' dir='ltr'><strong>Petro</strong></span> <span class='ocrx_word' id='word_1_57' title='bbox 907 1306 1040 1406; x_wconf 72' lang='lat' dir='ltr'><strong>Angelo</strong></span> <span class='ocrx_word' id='word_1_58' title='bbox 1063 1308 1205 1406; x_wconf 75' lang='lat' dir='ltr'><strong>Rargaeo</strong></span> <span class='ocrx_word' id='word_1_59' title='bbox 1229 1307 1405 1383; x_wconf 79' lang='lat' dir='ltr'><strong>ostendisse</strong></span> 
     </span>
     <span class='ocr_line' id='line_1_9' title="bbox 325 1429 1403 1533; baseline -0.001 -26"><span class='ocrx_word' id='word_1_60' title='bbox 325 1430 490 1508; x_wconf 81' lang='lat' dir='ltr'><strong>calamum</strong></span> <span class='ocrx_word' id='word_1_61' title='bbox 515 1448 708 1529; x_wconf 80' lang='lat' dir='ltr'><strong>argenteum</strong></span> <span class='ocrx_word' id='word_1_62' title='bbox 730 1429 847 1506; x_wconf 84' lang='lat' dir='ltr'><strong>Ovidii</strong></span> <span class='ocrx_word' id='word_1_63' title='bbox 876 1430 1021 1507; x_wconf 78' lang='lat' dir='ltr'><strong>traditur</strong></span> <span class='ocrx_word' id='word_1_64' title='bbox 1048 1430 1207 1528; x_wconf 78' lang='lat' dir='ltr'><strong>Belgradi</strong></span> <span class='ocrx_word' id='word_1_65' title='bbox 1231 1448 1403 1533; x_wconf 83' lang='lat' dir='ltr'><strong>repertum.</strong></span> 
     </span>
     <span class='ocr_line' id='line_1_10' title="bbox 325 1554 1405 1655; baseline 0 -24"><span class='ocrx_word' id='word_1_66' title='bbox 325 1556 581 1655; x_wconf 83' lang='lat' dir='ltr'><strong>(Hoffmannus</strong></span> <span class='ocrx_word' id='word_1_67' title='bbox 594 1554 631 1629; x_wconf 92' lang='lat' dir='ltr'><strong>in</strong></span> <span class='ocrx_word' id='word_1_68' title='bbox 645 1554 787 1643; x_wconf 81' lang='lat' dir='ltr'><strong>berrico,</strong></span> <span class='ocrx_word' id='word_1_69' title='bbox 799 1554 864 1630; x_wconf 89' lang='lat' dir='ltr'><strong>sub</strong></span> <span class='ocrx_word' id='word_1_70' title='bbox 878 1556 1016 1631; x_wconf 88' lang='lat' dir='ltr'><strong>nomine</strong></span> <span class='ocrx_word' id='word_1_71' title='bbox 1027 1554 1171 1650; x_wconf 83' lang='lat' dir='ltr'><strong>Ovidii.)</strong></span> <span class='ocrx_word' id='word_1_72' title='bbox 1183 1554 1248 1630; x_wconf 89' lang='lat' dir='ltr'><strong>Sed</strong></span> <span class='ocrx_word' id='word_1_73' title='bbox 1256 1573 1298 1630; x_wconf 91' lang='lat' dir='ltr'><strong>ut</strong></span> <span class='ocrx_word' id='word_1_74' title='bbox 1304 1583 1405 1631; x_wconf 84' lang='lat' dir='ltr'><strong>meum</strong></span> 
     </span>
     <span class='ocr_line' id='line_1_11' title="bbox 327 1676 1406 1783; baseline -0.002 -29"><span class='ocrx_word' id='word_1_75' title='bbox 327 1708 482 1783; x_wconf 86' lang='lat' dir='ltr'><strong>quoque,</strong></span> <span class='ocrx_word' id='word_1_76' title='bbox 500 1678 529 1755; x_wconf 86' lang='lat' dir='ltr'><strong>si</strong></span> <span class='ocrx_word' id='word_1_77' title='bbox 546 1676 638 1779; x_wconf 92' lang='lat' dir='ltr'><strong>quod</strong></span> <span class='ocrx_word' id='word_1_78' title='bbox 655 1695 725 1766; x_wconf 85' lang='lat' dir='ltr'><strong>est,</strong></span> <span class='ocrx_word' id='word_1_79' title='bbox 741 1678 904 1779; x_wconf 85' lang='lat' dir='ltr'><strong>judicium</strong></span> <span class='ocrx_word' id='word_1_80' title='bbox 920 1676 1153 1779; x_wconf 81' lang='lat' dir='ltr'><strong>interponam,</strong></span> <span class='ocrx_word' id='word_1_81' title='bbox 1169 1678 1246 1755; x_wconf 85' lang='lat' dir='ltr'><strong>licta</strong></span> <span class='ocrx_word' id='word_1_82' title='bbox 1262 1679 1346 1754; x_wconf 90' lang='lat' dir='ltr'><strong>mibi</strong></span> <span class='ocrx_word' id='word_1_83' title='bbox 1359 1678 1406 1752; x_wconf 82' lang='lat' dir='ltr'><strong>ri·</strong></span> 
     </span>
     <span class='ocr_line' id='line_1_12' title="bbox 324 1800 1407 1902; baseline 0.002 -27"><span class='ocrx_word' id='word_1_84' title='bbox 324 1802 448 1876; x_wconf 89' lang='lat' dir='ltr'><strong>dentur</strong></span> <span class='ocrx_word' id='word_1_85' title='bbox 459 1802 529 1875; x_wconf 73' lang='lat' dir='ltr'><strong>brec</strong></span> <span class='ocrx_word' id='word_1_86' title='bbox 541 1800 673 1889; x_wconf 88' lang='lat' dir='ltr'><strong>omnia;</strong></span> <span class='ocrx_word' id='word_1_87' title='bbox 691 1828 768 1875; x_wconf 86' lang='lat' dir='ltr'><strong>nam</strong></span> <span class='ocrx_word' id='word_1_88' title='bbox 782 1800 966 1877; x_wconf 85' lang='lat' dir='ltr'><strong>etEusebii</strong></span> <span class='ocrx_word' id='word_1_89' title='bbox 980 1800 1117 1902; x_wconf 85' lang='lat' dir='ltr'><strong>opinio,</strong></span> <span class='ocrx_word' id='word_1_90' title='bbox 1130 1802 1407 1877; x_wconf 77' lang='lat' dir='ltr'><strong>Ovidium&#39;l&#39;omis</strong></span> 
     </span>
     <span class='ocr_line' id='line_1_13' title="bbox 327 1925 1405 2031; baseline -0.003 -26"><span class='ocrx_word' id='word_1_91' title='bbox 327 1926 515 2031; x_wconf 87' lang='lat' dir='ltr'><strong>sepultum,</strong></span> <span class='ocrx_word' id='word_1_92' title='bbox 533 1926 744 2028; x_wconf 84' lang='lat' dir='ltr'><strong>antiquitatis</strong></span> <span class='ocrx_word' id='word_1_93' title='bbox 755 1925 1007 2027; x_wconf 67' lang='lat' dir='ltr'><strong>prascriptione</strong></span> <span class='ocrx_word' id='word_1_94' title='bbox 1017 1943 1191 2017; x_wconf 74' lang='lat' dir='ltr'><strong>retertur,</strong></span> <span class='ocrx_word' id='word_1_95' title='bbox 1207 1943 1243 2001; x_wconf 89' lang='lat' dir='ltr'><strong>et</strong></span> <span class='ocrx_word' id='word_1_96' title='bbox 1253 1927 1405 2027; x_wconf 82' lang='lat' dir='ltr'><strong>majorem</strong></span> 
     </span>
     <span class='ocr_line' id='line_1_14' title="bbox 323 2040 1402 2144; baseline -0.006 -16"><span class='ocrx_word' id='word_1_97' title='bbox 323 2040 428 2128; x_wconf 86' lang='lat' dir='ltr'><strong>liabet</strong></span> <span class='ocrx_word' id='word_1_98' title='bbox 451 2050 520 2127; x_wconf 86' lang='lat' dir='ltr'><strong>veri</strong></span> <span class='ocrx_word' id='word_1_99' title='bbox 537 2048 816 2126; x_wconf 85' lang='lat' dir='ltr'><strong>similitudinem:</strong></span> <span class='ocrx_word' id='word_1_100' title='bbox 838 2046 905 2121; x_wconf 83' lang='lat' dir='ltr'><strong>vid.</strong></span> <span class='ocrx_word' id='word_1_101' title='bbox 932 2046 1140 2144; x_wconf 85' lang='lat' dir='ltr'><strong>Scaligemm</strong></span> <span class='ocrx_word' id='word_1_102' title='bbox 1159 2046 1195 2121; x_wconf 97' lang='lat' dir='ltr'><strong>in</strong></span> <span class='ocrx_word' id='word_1_103' title='bbox 1210 2048 1402 2125; x_wconf 81' lang='lat' dir='ltr'><strong>Eusebium.</strong></span> 
     </span>
     <span class='ocr_line' id='line_1_15' title="bbox 324 2170 1404 2273; baseline -0.003 -22"><span class='ocrx_word' id='word_1_104' title='bbox 324 2174 462 2253; x_wconf 73' lang='lat' dir='ltr'><strong>Fabula</strong></span> <span class='ocrx_word' id='word_1_105' title='bbox 474 2192 585 2250; x_wconf 84' lang='lat' dir='ltr'><strong>antem</strong></span> <span class='ocrx_word' id='word_1_106' title='bbox 597 2172 807 2249; x_wconf 75' lang='lat' dir='ltr'><strong>Litbuanicae</strong></span> <span class='ocrx_word' id='word_1_107' title='bbox 820 2170 1025 2247; x_wconf 85' lang='lat' dir='ltr'><strong>incunabula</strong></span> <span class='ocrx_word' id='word_1_108' title='bbox 1035 2170 1131 2247; x_wconf 81' lang='lat' dir='ltr'><strong>facile</strong></span> <span class='ocrx_word' id='word_1_109' title='bbox 1141 2170 1404 2273; x_wconf 79' lang='lat' dir='ltr'><strong>deprehenderit,</strong></span> 
     </span>
     <span class='ocr_line' id='line_1_16' title="bbox 328 2294 1405 2401; baseline -0.003 -27"><span class='ocrx_word' id='word_1_110' title='bbox 328 2300 388 2401; x_wconf 90' lang='lat' dir='ltr'><strong>qui</strong></span> <span class='ocrx_word' id='word_1_111' title='bbox 406 2296 620 2397; x_wconf 77' lang='lat' dir='ltr'><strong>cogitaverit,</strong></span> <span class='ocrx_word' id='word_1_112' title='bbox 641 2325 709 2397; x_wconf 87' lang='lat' dir='ltr'><strong>qno</strong></span> <span class='ocrx_word' id='word_1_113' title='bbox 728 2296 859 2370; x_wconf 85' lang='lat' dir='ltr'><strong>ambitu</strong></span> <span class='ocrx_word' id='word_1_114' title='bbox 871 2294 942 2369; x_wconf 81' lang='lat' dir='ltr'><strong>baec</strong></span> <span class='ocrx_word' id='word_1_115' title='bbox 952 2295 1233 2391; x_wconf 80' lang='lat' dir='ltr'><strong>gensaRomanis</strong></span> <span class='ocrx_word' id='word_1_116' title='bbox 1247 2297 1405 2393; x_wconf 69' lang='lat' dir='ltr'><strong>origin·</strong></span> 
     </span>
     <span class='ocr_line' id='line_1_17' title="bbox 327 2417 1404 2522; baseline -0.004 -25"><span class='ocrx_word' id='word_1_117' title='bbox 327 2450 420 2497; x_wconf 89' lang='lat' dir='ltr'><strong>suam</strong></span> <span class='ocrx_word' id='word_1_118' title='bbox 431 2448 593 2496; x_wconf 85' lang='lat' dir='ltr'><strong>arcessere</strong></span> <span class='ocrx_word' id='word_1_119' title='bbox 602 2418 716 2495; x_wconf 89' lang='lat' dir='ltr'><strong>soleat.</strong></span> <span class='ocrx_word' id='word_1_120' title='bbox 732 2417 1003 2508; x_wconf 71' lang='lat' dir='ltr'><strong>lfrdebansinm,</strong></span> <span class='ocrx_word' id='word_1_121' title='bbox 1017 2417 1170 2495; x_wconf 80' lang='lat' dir='ltr'><strong>Consult</strong></span> <span class='ocrx_word' id='word_1_122' title='bbox 1182 2448 1246 2522; x_wconf 92' lang='lat' dir='ltr'><strong>pro</strong></span> <span class='ocrx_word' id='word_1_123' title='bbox 1255 2418 1404 2511; x_wconf 61' lang='lat' dir='ltr'><strong>Polonia</strong></span> 
     </span>
     <span class='ocr_line' id='line_1_18' title="bbox 325 2543 1406 2649; baseline -0.002 -27"><span class='ocrx_word' id='word_1_124' title='bbox 325 2563 362 2622; x_wconf 88' lang='lat' dir='ltr'><strong>et</strong></span> <span class='ocrx_word' id='word_1_125' title='bbox 377 2545 542 2649; x_wconf 87' lang='lat' dir='ltr'><strong>imprimis</strong></span> <span class='ocrx_word' id='word_1_126' title='bbox 559 2543 984 2640; x_wconf 79' lang='lat' dir='ltr'><strong>Miobalonem,Fragmine</strong></span> <span class='ocrx_word' id='word_1_127' title='bbox 996 2561 1128 2645; x_wconf 88' lang='lat' dir='ltr'><strong>quarto.</strong></span> <span class='ocrx_word' id='word_1_128' title='bbox 1144 2546 1350 2620; x_wconf 83' lang='lat' dir='ltr'><strong>Necnorum</strong></span> <span class='ocrx_word' id='word_1_129' title='bbox 1362 2563 1406 2620; x_wconf 84' lang='lat' dir='ltr'><strong>est</strong></span> 
     </span>
     <span class='ocr_line' id='line_1_19' title="bbox 325 2666 1405 2772; baseline -0.004 -26"><span class='ocrx_word' id='word_1_130' title='bbox 325 2670 558 2772; x_wconf 88' lang='lat' dir='ltr'><strong>supposititias</strong></span> <span class='ocrx_word' id='word_1_131' title='bbox 577 2667 817 2771; x_wconf 85' lang='lat' dir='ltr'><strong>inscriptiones</strong></span> <span class='ocrx_word' id='word_1_132' title='bbox 831 2666 961 2764; x_wconf 79' lang='lat' dir='ltr'><strong>vulgari</strong></span> <span class='ocrx_word' id='word_1_133' title='bbox 973 2688 1052 2769; x_wconf 90' lang='lat' dir='ltr'><strong>post</strong></span> <span class='ocrx_word' id='word_1_134' title='bbox 1066 2668 1215 2744; x_wconf 82' lang='lat' dir='ltr'><strong>fiaudem</strong></span> <span class='ocrx_word' id='word_1_135' title='bbox 1229 2671 1337 2746; x_wconf 88' lang='lat' dir='ltr'><strong>Annii</strong></span> <span class='ocrx_word' id='word_1_136' title='bbox 1350 2671 1405 2743; x_wconf 80' lang='lat' dir='ltr'><strong>vi-</strong></span> 
     </span>
     <span class='ocr_line' id='line_1_20' title="bbox 328 2791 1405 2891; baseline -0.001 -23"><span class='ocrx_word' id='word_1_137' title='bbox 328 2793 516 2869; x_wconf 85' lang='lat' dir='ltr'><strong>terbiensis.</strong></span> <span class='ocrx_word' id='word_1_138' title='bbox 547 2794 619 2891; x_wconf 87' lang='lat' dir='ltr'><strong>Qui</strong></span> <span class='ocrx_word' id='word_1_139' title='bbox 645 2811 756 2868; x_wconf 85' lang='lat' dir='ltr'><strong>antem</strong></span> <span class='ocrx_word' id='word_1_140' title='bbox 778 2795 907 2868; x_wconf 85' lang='lat' dir='ltr'><strong>Tomos</strong></span> <span class='ocrx_word' id='word_1_141' title='bbox 936 2791 1039 2867; x_wconf 87' lang='lat' dir='ltr'><strong>bodie</strong></span> <span class='ocrx_word' id='word_1_142' title='bbox 1060 2793 1155 2868; x_wconf 86' lang='lat' dir='ltr'><strong>Baba</strong></span> <span class='ocrx_word' id='word_1_143' title='bbox 1171 2823 1190 2868; x_wconf 94' lang='lat' dir='ltr'><strong>a</strong></span> <span class='ocrx_word' id='word_1_144' title='bbox 1205 2796 1329 2870; x_wconf 83' lang='lat' dir='ltr'><strong>Tureis</strong></span> <span class='ocrx_word' id='word_1_145' title='bbox 1345 2795 1405 2870; x_wconf 80' lang='lat' dir='ltr'><strong>dici</strong></span> 
     </span>
     <span class='ocr_line' id='line_1_21' title="bbox 326 2916 1405 3020; baseline 0.001 -27"><span class='ocrx_word' id='word_1_146' title='bbox 326 2935 464 3019; x_wconf 86' lang='lat' dir='ltr'><strong>putant,</strong></span> <span class='ocrx_word' id='word_1_147' title='bbox 483 2917 646 3018; x_wconf 91' lang='lat' dir='ltr'><strong>oppidum</strong></span> <span class='ocrx_word' id='word_1_148' title='bbox 661 2916 772 2992; x_wconf 89' lang='lat' dir='ltr'><strong>adbuc</strong></span> <span class='ocrx_word' id='word_1_149' title='bbox 789 2917 958 2990; x_wconf 88' lang='lat' dir='ltr'><strong>munitum</strong></span> <span class='ocrx_word' id='word_1_150' title='bbox 976 2933 1010 2990; x_wconf 88' lang='lat' dir='ltr'><strong>et</strong></span> <span class='ocrx_word' id='word_1_151' title='bbox 1029 2917 1144 3018; x_wconf 87' lang='lat' dir='ltr'><strong>capacl</strong></span> <span class='ocrx_word' id='word_1_152' title='bbox 1158 2936 1260 3020; x_wconf 88' lang='lat' dir='ltr'><strong>portu</strong></span> <span class='ocrx_word' id='word_1_153' title='bbox 1282 2919 1405 2994; x_wconf 83' lang='lat' dir='ltr'><strong>instru-</strong></span> 
     </span>
     <span class='ocr_line' id='line_1_22' title="bbox 326 3040 1403 3142; baseline -0.001 -25"><span class='ocrx_word' id='word_1_154' title='bbox 326 3057 436 3130; x_wconf 84' lang='lat' dir='ltr'><strong>ctum‚</strong></span> <span class='ocrx_word' id='word_1_155' title='bbox 449 3060 509 3116; x_wconf 90' lang='lat' dir='ltr'><strong>ant</strong></span> <span class='ocrx_word' id='word_1_156' title='bbox 520 3069 590 3116; x_wconf 83' lang='lat' dir='ltr'><strong>rem</strong></span> <span class='ocrx_word' id='word_1_157' title='bbox 601 3071 663 3116; x_wconf 90' lang='lat' dir='ltr'><strong>acu</strong></span> <span class='ocrx_word' id='word_1_158' title='bbox 675 3057 838 3138; x_wconf 83' lang='lat' dir='ltr'><strong>tangunt,</strong></span> <span class='ocrx_word' id='word_1_159' title='bbox 856 3058 915 3115; x_wconf 93' lang='lat' dir='ltr'><strong>aut</strong></span> <span class='ocrx_word' id='word_1_160' title='bbox 929 3040 1082 3142; x_wconf 85' lang='lat' dir='ltr'><strong>proxime</strong></span> <span class='ocrx_word' id='word_1_161' title='bbox 1093 3041 1218 3117; x_wconf 77' lang='lat' dir='ltr'><strong>absum</strong></span> <span class='ocrx_word' id='word_1_162' title='bbox 1229 3073 1249 3116; x_wconf 88' lang='lat' dir='ltr'><strong>a</strong></span> <span class='ocrx_word' id='word_1_163' title='bbox 1259 3044 1403 3117; x_wconf 76' lang='lat' dir='ltr'><strong>veritate</strong></span> 
     </span>
     <span class='ocr_line' id='line_1_23' title="bbox 324 3163 1404 3257; baseline 0.004 -19"><span class='ocrx_word' id='word_1_164' title='bbox 324 3164 418 3240; x_wconf 90' lang='lat' dir='ltr'><strong>Situs</strong></span> <span class='ocrx_word' id='word_1_165' title='bbox 434 3166 522 3241; x_wconf 90' lang='lat' dir='ltr'><strong>enim</strong></span> <span class='ocrx_word' id='word_1_166' title='bbox 539 3163 606 3239; x_wconf 87' lang='lat' dir='ltr'><strong>loci</strong></span> <span class='ocrx_word' id='word_1_167' title='bbox 624 3167 796 3257; x_wconf 85' lang='lat' dir='ltr'><strong>convenit,</strong></span> <span class='ocrx_word' id='word_1_168' title='bbox 815 3163 895 3239; x_wconf 87' lang='lat' dir='ltr'><strong>lieet</strong></span> <span class='ocrx_word' id='word_1_169' title='bbox 911 3193 1026 3240; x_wconf 86' lang='lat' dir='ltr'><strong>recens</strong></span> <span class='ocrx_word' id='word_1_170' title='bbox 1042 3166 1190 3240; x_wconf 85' lang='lat' dir='ltr'><strong>Danubii</strong></span> <span class='ocrx_word' id='word_1_171' title='bbox 1207 3167 1324 3243; x_wconf 87' lang='lat' dir='ltr'><strong>tabula</strong></span> <span class='ocrx_word' id='word_1_172' title='bbox 1338 3171 1404 3242; x_wconf 90' lang='lat' dir='ltr'><strong>To·</strong></span> 
     </span>
     <span class='ocr_line' id='line_1_24' title="bbox 323 3285 1405 3390; baseline 0.004 -28"><span class='ocrx_word' id='word_1_173' title='bbox 323 3313 399 3363; x_wconf 88' lang='lat' dir='ltr'><strong>mos</strong></span> <span class='ocrx_word' id='word_1_174' title='bbox 414 3287 516 3390; x_wconf 86' lang='lat' dir='ltr'><strong>paulo</strong></span> <span class='ocrx_word' id='word_1_175' title='bbox 530 3285 818 3364; x_wconf 86' lang='lat' dir='ltr'><strong>meridionaliores</strong></span> <span class='ocrx_word' id='word_1_176' title='bbox 831 3287 940 3364; x_wconf 74' lang='lat' dir='ltr'><strong>beist</strong></span> <span class='ocrx_word' id='word_1_177' title='bbox 968 3287 1034 3363; x_wconf 85' lang='lat' dir='ltr'><strong>Sed</strong></span> <span class='ocrx_word' id='word_1_178' title='bbox 1051 3290 1201 3364; x_wconf 86' lang='lat' dir='ltr'><strong>contenti</strong></span> <span class='ocrx_word' id='word_1_179' title='bbox 1219 3291 1328 3367; x_wconf 84' lang='lat' dir='ltr'><strong>simus</strong></span> <span class='ocrx_word' id='word_1_180' title='bbox 1341 3290 1405 3366; x_wconf 82' lang='lat' dir='ltr'><strong>boo</strong></span> 
     </span>
     <span class='ocr_line' id='line_1_25' title="bbox 324 3411 465 3489; baseline -0.007 0"><span class='ocrx_word' id='word_1_181' title='bbox 324 3411 465 3489; x_wconf 87' lang='lat' dir='ltr'><strong>Catone.</strong></span> 
     </span>
    </p>
   </div>
   <div class='ocr_carea' id='block_1_3' title="bbox 324 3611 1405 3800">
    <p class='ocr_par' dir='ltr' id='par_1_3' title="bbox 324 3611 1405 3800">
     <span class='ocr_line' id='line_1_26' title="bbox 366 3611 1405 3699; baseline 0.005 -29"><span class='ocrx_word' id='word_1_182' title='bbox 366 3611 412 3671; x_wconf 88' lang='lat' dir='ltr'><strong>N.</strong></span> <span class='ocrx_word' id='word_1_183' title='bbox 425 3611 463 3672; x_wconf 86' lang='lat' dir='ltr'><strong>B.</strong></span> <span class='ocrx_word' id='word_1_184' title='bbox 474 3612 605 3696; x_wconf 84' lang='lat' dir='ltr'><strong>Sequens</strong></span> <span class='ocrx_word' id='word_1_185' title='bbox 622 3613 768 3676; x_wconf 84' lang='lat' dir='ltr'><strong>discursus</strong></span> <span class='ocrx_word' id='word_1_186' title='bbox 783 3612 883 3699; x_wconf 81' lang='lat' dir='ltr'><strong>gallice</strong></span> <span class='ocrx_word' id='word_1_187' title='bbox 899 3611 1080 3694; x_wconf 85' lang='lat' dir='ltr'><strong>conscriptus</strong></span> <span class='ocrx_word' id='word_1_188' title='bbox 1095 3613 1229 3696; x_wconf 77' lang='lat' dir='ltr'><strong>probabit</strong></span> <span class='ocrx_word' id='word_1_189' title='bbox 1238 3638 1293 3679; x_wconf 86' lang='lat' dir='ltr'><strong>nos</strong></span> <span class='ocrx_word' id='word_1_190' title='bbox 1309 3615 1340 3676; x_wconf 93' lang='lat' dir='ltr'><strong>in</strong></span> <span class='ocrx_word' id='word_1_191' title='bbox 1354 3615 1405 3678; x_wconf 82' lang='lat' dir='ltr'><strong>bae</strong></span> 
     </span>
     <span class='ocr_line' id='line_1_27' title="bbox 324 3718 921 3800; baseline 0.002 -20"><span class='ocrx_word' id='word_1_192' title='bbox 324 3718 489 3800; x_wconf 79' lang='lat' dir='ltr'><strong>quaestione</strong></span> <span class='ocrx_word' id='word_1_193' title='bbox 502 3722 643 3787; x_wconf 80' lang='lat' dir='ltr'><strong>solvenda</strong></span> <span class='ocrx_word' id='word_1_194' title='bbox 659 3721 845 3784; x_wconf 83' lang='lat' dir='ltr'><strong>difficiliores.</strong></span> <span class='ocrx_word' id='word_1_195' title='bbox 863 3725 921 3782; x_wconf 80' lang='lat' dir='ltr'><strong>En.</strong></span> 
     </span>
    </p>
   </div>
   <div class='ocr_carea' id='block_1_4' title="bbox 745 3915 985 3944">
    <p class='ocr_par' dir='ltr' id='par_1_4' title="bbox 745 3915 985 3944">
     <span class='ocr_line' id='line_1_28' title="bbox 745 3915 985 3944; baseline -0.025 0"><span class='ocrx_word' id='word_1_196' title='bbox 745 3915 985 3944; x_wconf 49' lang='grc' dir='ltr'><strong>*κο-κ·</strong></span> 
     </span>
    </p>
   </div>
   <div class='ocr_carea' id='block_1_5' title="bbox 0 0 1514 5000">
    <p class='ocr_par' dir='ltr' id='par_1_5' title="bbox 0 0 1514 5000">
     <span class='ocr_line' id='line_1_29' title="bbox 0 0 1514 5000; baseline 0 1"><span class='ocrx_word' id='word_1_197' title='bbox 0 0 1514 5000; x_wconf 95' lang='lat' dir='ltr'><strong> </strong></span> 
     </span>
    </p>
   </div>
  </div>
 </body>
</html>
