3017 5000
247 409 291 474 60
642 409 927 478 EXCURSUS

248 548 326 637 bat,
345 549 521 652 ipsumque
537 550 572 624 in
596 551 753 626 invidiam
773 570 873 652 atquc
888 551 1004 625 odium
1018 548 1106 651 apud
1125 549 1319 645 Augustum

250 665 409 754 vocabat,
432 695 499 766 quo
515 665 763 744 diutiusTomis
776 666 977 742 exsulantem
991 683 1230 751 remoror-etun
1245 683 1320 739 tum

200 858 202 864 ,
250 779 321 877 ejus
338 807 474 856 uxorem
493 783 685 884 importune
701 783 911 858 sollicitabat
934 786 1094 858 Praeterea
1110 782 1226 857 Ouidii
1244 780 1322 856 for-

250 897 342 972 tunis
363 898 516 988 inhians,
536 901 646 1001 ipsum
662 901 705 974 ad
722 918 900 975 extremam
920 901 1067 1001 inopiam
1087 899 1235 995 redigere
1257 925 1320 974 co-

249 1014 400 1089 nabatur.
424 1017 533 1091 Omne
549 1034 663 1091 rutum
673 1017 710 1088 in
721 1015 897 1118 suppliciis
912 1033 947 1092 et
959 1016 1146 1103 mortibus,
1162 1033 1203 1088 ut
1214 1014 1320 1087 modo

249 1126 416 1216 dicebam;
431 1130 533 1232 idque
550 1129 743 1205 Callimachi
756 1131 959 1218 imitatione,
977 1131 1036 1232 qui
1048 1130 1085 1202 in
1097 1126 1320 1230 Apollonium

250 1244 438 1334 Rhodium,
453 1247 756 1342 Argonauticorum
770 1249 985 1349 scriptorem,
998 1247 1104 1321 Ibidis
1115 1246 1250 1319 nominc
1260 1274 1323 1318 no·

251 1377 375 1482 tatum,
398 1361 548 1436 libellum
576 1363 727 1463 scripsit,
752 1363 793 1436 de
817 1395 884 1466 quo
904 1364 1024 1442 Snidas
1049 1367 1085 1440 in
1112 1371 1319 1461 Καλλίμαχος.

250 1489 323 1554 Εστι
347 1484 379 1552 δὲ
398 1489 509 1574 ποίημα
525 1484 775 1574 ἐπιτετηδευμένον
800 1489 839 1561 εἰς
857 1491 1000 1579 ἀσάφειαν
1026 1488 1073 1553 καὶ
1097 1486 1261 1579 λοιδορίαν,
1280 1492 1322 1564 εἷς

249 1627 310 1691 τινα
329 1586 403 1681 loo,
427 1607 577 1690 γενόμενον
597 1601 698 1692 ἐχθρὸν
713 1607 764 1668 τοῦ
783 1601 994 1690 Καλλιμάχου·
1013 1600 1048 1675 ἦν
1064 1599 1098 1667 δὲ
1115 1599 1201 1679 οὗτος
1219 1585 1324 1670 elnol-

253 1721 372 1799 λώνιος,
390 1719 405 1782 ὁ
422 1719 537 1810 γράψας
556 1721 593 1786 τὰ
611 1701 823 1810 Ᾰρρονοιυτινοί.
844 1713 939 1786 «Est
954 1729 1063 1786 autem
1078 1739 1198 1813 poema
1215 1715 1256 1787 de
1269 1715 1325 1787 in-

259 1864 274 1895 »
295 1829 422 1903 dustria
438 1829 663 1930 compositum
679 1829 838 1914 obscure,
857 1829 1032 1902 continens
1051 1829 1325 1904 contumeliosam

196 1944 199 1952 ’
254 1982 273 2014 »
294 1946 546 2022 insectationem
556 1947 591 2021 in
600 1946 775 2047 quemdam
790 1946 885 2033 Ibin,
900 1947 959 2048 qui
967 1945 1075 2021 fuerat
1082 1947 1235 2021 inimicus
1244 1949 1326 2022 Cal-

256 2095 274 2130 ιι
294 2062 427 2138 limachi
442 2093 450 2136 ε
466 2079 659 2137 enatantem
675 2061 731 2136 hic
749 2060 971 2163 Apollonius,
985 2061 1043 2136 ille
1066 2063 1125 2165 qui
1143 2066 1326 2159 Argonau-

258 2213 275 2244 ν
298 2179 361 2253 tica
378 2179 521 2279 scripsit.
541 2213 558 2244 ν
575 2180 687 2276 Quare
703 2179 845 2278 ‹lejerare
861 2179 968 2255 ausim
983 2177 1176 2255 Callimachi
1192 2209 1326 2269 manes,

255 2296 395 2371 eundem
410 2295 632 2399 Apollonium
648 2323 738 2384 esse,
756 2323 855 2396 quem
869 2293 928 2370 ille
944 2295 1071 2398 hymno
1086 2305 1126 2379 εἰς
1141 2287 1325 2385 dumosa,

254 2413 360 2516 ipsam
374 2415 530 2490 invidiam
546 2418 704 2500 αὐξητικῶς
723 2412 869 2515 appellat
884 2414 941 2488 his
953 2415 1125 2491 versibus:

400 2610 422 2679 ὁ
435 2621 522 2697 φθόνος
536 2610 686 2685 Ᾰπὸλλωνος
702 2608 741 2677 ἐπ’
760 2619 842 2677 οὔατα
856 2619 957 2698 tropus
973 2618 1054 2677 εἶπεν·

396 2730 452 2785 Ου’νι
472 2727 573 2805 ἄγαμαι
588 2728 631 2785 τόν
646 2728 756 2798 ἀοιδὸν,
783 2726 812 2792 ὃς
828 2719 884 2784 οὐδ’
900 2726 950 2783 ὅσα
963 2728 1057 2793 πόντος
1069 2728 1164 2785 ἀείδει.

395 2835 447 2892 Τὸν
464 2835 551 2910 φθόνον
563 2832 698 2895 ’ίίπόλλων
712 2833 776 2892 ποδὶ
785 2828 810 2892 τ’
821 2834 932 2907 ἤλασεν,
947 2831 995 2893 ὦδε
1009 2830 1032 2892 τ’
1047 2835 1141 2893 ἰἰιπιν·

399 2930 526 3019 Ᾰσουρίου
540 2948 669 3018 ποταμοῖο
691 2945 774 3019 μέγας
788 2942 865 3021 ῥόος,
886 2941 953 2997 ἄλλοι
967 2942 1099 3001 τὰπολλὰ

398 3052 511 3123 Λύμαεοι
521 3058 569 3127 γῆς
579 3050 622 3105 καὶ
633 3048 729 3107 πολλὸν
741 3039 779 3126 ἐρ’
789 3049 865 3107 ὕδατι
879 3049 1000 3128 σνρριτόν
1012 3050 1091 3105 aare.

399 3162 462 3218 Δηοῖ
478 3152 503 3213 cl'
516 3160 563 3213 οὖν
574 3158 627 3215 ἀπὸ
642 3156 738 3224 παντὸς
752 3156 822 3235 ὕδωρ
836 3160 955 3236 pupianus
971 3156 1123 3228 uorem,

402 3252 460 3321 itt'
475 3268 532 3329 ἥτις
545 3268 642 3345 καθαρῆ
658 3286 687 3323 τι
700 3264 744 3321 καὶ
756 3266 906 3344 ἀχράαντος
920 3266 1050 3342 ἀντ’ρπιι,

402 3372 514 3438 Πίδακος
531 3374 557 3449 ἐξ
569 3374 637 3451 ἱερῆς
650 3372 724 3450 ὀλίγη
735 3373 826 3438 credie
838 3414 848 3446 ,
861 3372 939 3451 ἄκρον
954 3371 1047 3430 ἄωτον·

406 3488 488 3557 Χαῖρε
507 3480 580 3557 ἅναξ·
597 3482 610 3539 ὁ
624 3481 653 3538 dl
667 3489 783 3557 Μῶμος,
798 3471 830 3537 ἶν’
843 3480 857 3537 ὁ
868 3478 972 3558 φθόρος,
986 3477 1047 3536 Mor
1057 3480 1149 3535 νὶοιτο.

262 3659 360 3753 Quos
371 3686 474 3758 quum
482 3656 536 3732 alii
547 3656 686 3733 totidem
693 3658 824 3732 Latinis
833 3658 1069 3759 expresserint,
1085 3654 1165 3757 quid
1174 3655 1334 3757 impedit,

263 3776 441 3875 quominus
458 3793 492 3849 et
508 3804 571 3849 nos
586 3774 622 3848 id
639 3778 829 3851 tentemus?
842 3775 1009 3851 interdum
1028 3774 1115 3849 enim
1130 3773 1242 3850 Latias
1253 3774 1337 3848 Mu·
1395 3797 1399 3809 ·

262 3916 316 3964 sas
331 3906 464 3965 nostras
481 3888 568 3963 inter
587 3888 719 3964 Graecas
736 3888 897 3965 luxuriari
912 3890 1073 3964 sinimus:

457 4088 537 4141 Livor
549 4086 700 4158 Apollineas
712 4089 812 4144 ooculte
825 4090 891 4145 dixit
903 4090 1037 4144 inaures:

460 4180 521 4233 Non
532 4178 615 4234 ιιιὶιοτ
625 4189 727 4247 vatem,
742 4180 854 4248 quinon
867 4181 938 4237 canit
949 4178 1061 4249 equoris
1071 4178 1170 4243 instar,
