3017 5000
264 436 323 501 168
473 494 477 505 ‚
588 436 628 499 Ρ.
664 433 842 500 OVlDll
868 431 1003 498 VITA

257 589 366 647 tremos
380 574 494 674 populi
510 574 650 647 Rotnani
669 573 782 646 bellum
797 572 945 672 gerebat,
973 586 1115 644 testatur
1131 569 1334 671 Cenotaphii

256 688 369 762 Pisani
386 686 516 775 tabula,
532 718 630 789 quam
643 686 923 762 eminentissimus
933 686 1080 761 Norisius
1091 684 1217 781 insigni
1229 714 1333 787 opere

255 801 443 875 illustravit.
464 801 553 877 Hinc
569 829 647 875 vero
666 830 771 903 quum
787 818 876 875 reete
893 798 1104 873 doctissimus
1117 800 1189 885 vir,
1205 816 1237 872 et
1253 816 1336 899 post

255 948 328 992 eum
355 919 497 1015 Pagins,
521 919 716 1007 deduceret,
743 918 862 994 Caium
880 920 915 991 in
940 916 1142 1005 consulatu,
1173 934 1333 1017 superato

255 1033 427 1134 Euphrate
442 1092 451 1123 ,
469 1035 549 1135 (qni
564 1035 710 1135 Syriam,
722 1032 865 1107 Romani
880 1032 973 1105 orbis
985 1030 1188 1133 pmvineiam
1198 1087 1207 1119 ,
1219 1056 1240 1103 a
1254 1031 1334 1103 Me-

255 1152 451 1251 sopotamia,
459 1153 660 1225 Parthorum
672 1150 791 1223 ditioni
802 1151 961 1250 subjecta,
976 1147 1244 1246 disterminabat)
1252 1148 1335 1220 bar·

254 1268 414 1341 herorum
427 1268 597 1363 regionem
612 1266 792 1356 invasisse,
810 1296 965 1369 armaque
976 1265 1013 1339 in
1028 1264 1146 1340 hostili
1161 1282 1248 1337 terra
1267 1264 1334 1336 eir-

255 1385 467 1471 eumtulisse;
485 1386 531 1458 ita
550 1402 583 1459 et
599 1385 718 1459 exinde
735 1414 806 1459 non
822 1385 934 1458 minus
949 1402 1040 1459 reete
1057 1382 1203 1457 Nasonis
1219 1379 1334 1456 locum

255 1529 295 1573 ex
312 1498 403 1573 libro
416 1499 634 1573 Remedaehmm
647 1500 780 1575 Amoris
793 1500 1032 1600 interpretatus
1044 1515 1095 1573 est
1108 1507 1116 1536 ¹
1130 1495 1171 1569 de
1183 1496 1246 1570 hae
1261 1494 1340 1569 Caii

256 1616 395 1690 Caesaris
412 1616 447 1688 in
464 1614 651 1691 Parthicam
667 1615 829 1690 ditionem
844 1615 1041 1716 irruptione.
1069 1613 1203 1687 Etenim
1227 1640 1336 1713 quum

256 1734 381 1808 Noster
393 1734 550 1824 dixisset,
563 1732 606 1807 ab
616 1736 740 1809 Amore
751 1734 830 1808 odio
841 1732 957 1807 haberi
966 1732 1120 1808 homines
1132 1750 1333 1833 occupatos,

256 1846 386 1923 otiosos
398 1876 477 1923 vero
490 1848 596 1922 eidem
608 1852 762 1949 aceeptus
773 1876 860 1939 esse,
876 1847 1071 1947 subjungit,
1085 1876 1133 1920 vs.
1153 1843 1334 1917 151-158:

422 2006 493 2059 Sunt
505 2006 581 2071 sora,
597 1998 660 2057 sun't
670 2005 755 2073 leges,
768 2017 845 2070 suut,
858 2026 924 2075 quos
936 2006 1050 2075 tuearis,
1062 2005 1155 2061 amici:

454 2094 528 2149 Vade
540 2113 588 2164 per
600 2094 708 2149 urbana
719 2094 831 2149 eandida
842 2106 925 2149 castra
938 2105 1013 2164 togae.

422 2190 476 2241 Vel
489 2199 516 2241 tu
530 2192 667 2256 sanguinei
675 2187 802 2255 juvenilia
813 2206 926 2241 munera
937 2189 1031 2243 Martis

455 2279 563 2348 Suscipe
574 2300 581 2345 ς
594 2278 693 2332 deliciae
704 2278 760 2347 jam
771 2278 818 2333 tibi
831 2288 904 2347 terga
914 2277 1023 2333 dabunt

421 2370 582 2438 Eceesugax
594 2372 719 2431 Parthus,
733 2370 823 2441 magui
834 2389 902 2422 nova
914 2388 990 2424 eausa
1002 2370 1148 2441 triumphi,

455 2464 517 2517 Jum
530 2462 601 2517 videt
613 2462 641 2516 in
652 2468 750 2532 campis
760 2466 871 2517 Cesarea
881 2476 964 2517 anua
975 2469 1038 2518 suri.

423 2556 508 2610 Vince
521 2555 683 2625 Cupidineas
693 2554 809 2624 pariter,
821 2558 984 2626 Parthasque
995 2557 1117 2627 sagittas,

455 2647 490 2700 Et
501 2647 573 2700 reler
585 2647 616 2700 od
630 2647 727 2716 patrios
739 2646 802 2700 bina
814 2658 911 2718 tropea
923 2647 1004 2702 Deos.

256 2790 342 2883 Quae
354 2785 479 2886 pariter
490 2783 619 2884 liquido
629 2785 797 2886 probant,
814 2786 903 2860 hune
914 2787 1131 2860 Reenedthrum
1143 2791 1275 2863 Amani
1290 2789 1336 2862 li-

254 2903 354 2976 brum
364 2903 510 2974 fervente
520 2899 609 2975 hello
623 2899 773 2976 Parthico
785 2903 946 3002 scriptum
958 2929 1048 2986 esse,
1061 2903 1239 3003 etquidem
1251 2903 1334 2980 dum

256 3017 357 3092 Caius
376 3017 486 3091 Caesar
503 3016 537 3089 iu
554 3016 757 3090 Parthorum
773 3018 899 3119 eampis
922 3048 998 3092 cum
1014 3007 1159 3092 exercitu
1177 3019 1330 3116 degebat.

254 3137 372 3231 Quum
384 3161 461 3207 vero
478 3161 517 3206 ex
531 3132 614 3206 serie
625 3161 736 3206 rerum
749 3161 768 3205 a
779 3133 861 3208 Caio
872 3154 952 3238 post
964 3165 1062 3210 suurn
1074 3136 1116 3211 ab
1128 3136 1212 3210 urhe
1222 3139 1331 3212 Roma

255 3251 436 3325 discessum
450 3249 484 3322 in
498 3250 616 3323 itinere
633 3267 801 3345 gestarum
817 3259 829 3289 ²
844 3269 976 3352 pateat,
992 3281 1067 3327 eum
1079 3254 1264 3355 principem
1276 3255 1332 3328 vix

254 3365 331 3439 ante
347 3365 438 3438 hune
456 3393 595 3452 annum,
620 3365 655 3437 in
673 3394 740 3465 quo
755 3393 940 3454 versamur,
958 3366 1106 3468 potuisse
1125 3368 1332 3471 Euphratem

256 3514 331 3557 cum
350 3483 457 3585 copiis
475 3482 633 3568 transire,
658 3500 759 3584 atque
776 3512 888 3558 revera
903 3513 978 3558 eum
993 3503 1083 3560 trans
1100 3487 1251 3565 eumdem
1266 3487 1335 3562 llu-

255 3599 345 3670 vium
363 3597 428 3671 hoe
444 3597 520 3697 ipso
536 3625 624 3672 auno
640 3595 763 3683 luisse,
781 3615 820 3670 ut
834 3598 963 3672 Tabula
981 3600 1100 3673 Pisana
1117 3599 1236 3689 docet,
1252 3601 1334 3675 hine

256 3712 346 3786 haud
372 3710 513 3784 invalide
536 3711 690 3806 colligere
718 3712 815 3801 lieet,
841 3712 898 3788 illa
921 3715 1081 3804 carmina,
1098 3717 1336 3819 integrumque

257 3827 382 3902 librum
392 3827 459 3901 hoe
473 3826 605 3901 labente
620 3857 707 3901 anuo
720 3829 754 3901 iu
768 3829 875 3904 lucem
891 3831 1034 3920 venisse3
1052 3833 1143 3934 quod
1158 3833 1336 3910 confirma-

290 4025 297 4054 ¹
317 4021 358 4075 De
373 4019 469 4075 Cenot.
482 4022 569 4076 Pisau.
580 4041 636 4091 pag.
650 4025 713 4090 248,
727 4023 786 4078 vide
798 4035 825 4078 et
834 4025 898 4079 Jani
909 4026 999 4096 ternpl.
1012 4028 1103 4082 Reser.
1114 4046 1171 4099 pag.
1181 4029 1239 4099 347.

287 4113 299 4141 ²
318 4110 378 4164 Vid.
389 4109 479 4248 tl'loris.
488 4110 522 4165 de
538 4109 633 4166 Cenot.
646 4113 734 4168 Pisan.
745 4135 803 4187 pag.
816 4118 881 4184 248,
897 4128 925 4171 et
940 4118 1004 4173 Jani
1017 4119 1106 4190 templ.
1121 4121 1183 4176 Res.
1197 4119 1269 4176 Seet.
1284 4138 1334 4190 tv,

253 4209 309 4260 cap.
322 4201 337 4250 5
350 4207 377 4250 et
407 4237 413 4248 .
