3017 5000
340 502 405 547 nnn
668 476 708 544 P.
739 476 925 547 OVIDH
949 476 1089 544 VITA

337 618 465 718 Qnaesi
481 614 638 693 cumillis
656 616 718 692 lib.
736 619 806 705 111,
826 618 890 720 Ep.
908 636 965 704 tv,
983 644 1069 692 vers.
1088 611 1222 703 53-60,
1241 616 1417 693 conferan-

338 765 413 833 tur,
428 744 519 819 hand
535 742 702 817 immerito
718 742 923 821 videbuntur
939 761 972 819 et
986 743 1053 817 hoe
1069 771 1157 816 anno
1176 744 1312 845 scripta.
1346 750 1418 821 Eoi

217 913 219 917 -
258 910 270 933 s
336 888 414 933 vero
431 857 518 932 iiber
534 855 591 929 itte
610 874 798 958 temporum
816 858 937 956 injuria
962 857 1117 959 perierit,
1140 856 1283 958 plurima
1311 877 1418 935 umen

338 975 485 1050 Pontico
498 974 613 1047 Nostri
631 972 794 1075 Epistoiae
815 1002 906 1049 nunc
922 974 1118 1075 superstites
1136 975 1320 1065 exhibent,
1348 1007 1418 1079 que

336 1118 404 1163 non
423 1116 539 1190 parunt
557 1087 703 1188 ejusdem
721 1087 882 1190 triumphi
900 1117 1080 1191 pompam,
1103 1106 1205 1190 atque
1222 1089 1333 1189 ipsam
1351 1090 1418 1164 his-

337 1208 458 1281 toriam
474 1204 655 1279 illustrant.
848 1196 851 1201 ¹

384 1326 445 1398 111.
464 1324 580 1421 Quum
597 1349 675 1395 tero
693 1338 813 1422 poeto,
838 1318 899 1393 lib.
917 1320 990 1406 111,
1008 1322 1075 1421 Ep.
1099 1339 1142 1409 11,
1164 1340 1337 1409 exararet,
1354 1324 1417 1422 jam

336 1438 544 1515 vernaculam
560 1438 769 1511 Tomitarum
788 1436 924 1538 linguam
941 1436 1125 1527 didicerat,
1141 1469 1225 1515 vers.
1245 1443 1293 1535 do
1311 1472 1320 1515 ε

501 1590 572 1643 Nam
584 1586 662 1641 didici
677 1586 761 1658 getico
772 1585 964 1657 sarmaticeque
976 1587 1057 1658 loqui.

335 1712 382 1784 At
397 1709 500 1783 Trist.
516 1706 575 1779 lib.
594 1708 636 1793 V,
655 1704 749 1801 Eieg.
770 1726 809 1795 x,
823 1733 909 1781 vers.
931 1703 1071 1783 36-38:
1178 1730 1181 1737 '

535 1856 589 1909 Per
601 1864 705 1924 gestum
718 1872 761 1908 res
772 1864 812 1908 est
822 1853 995 1924 significanda
1008 1854 1083 1910 mihi.

500 1947 631 2001 Barbarus
644 1945 686 1999 hic
698 1964 748 2015 ego
761 1966 838 2013 sum,
852 1948 980 2016 quianon
993 1947 1126 2018 intelligor
1137 1947 1197 2002 ulti:

531 2040 567 2093 Et
578 2038 668 2092 rident
679 2037 768 2092 stolidi
779 2038 859 2093 verba
873 2039 954 2094 latina
966 2040 1057 2109 Geta,
1070 2051 1120 2095 eto.

334 2156 450 2257 Elegia
466 2177 575 2235 tamen
594 2176 669 2244 ΧΠ,
690 2186 774 2231 vers.
796 2156 928 2261 57-58,
942 2158 1008 2233 ait:

497 2308 556 2378 lpse
569 2306 635 2360 mihi
648 2306 741 2359 videor
752 2310 761 2339 ¹
775 2307 830 2375 jam
842 2305 996 2361 dedidicisse
1010 2306 1090 2361 latine
1103 2327 1111 2360 z

531 2399 594 2452 Jam
606 2396 685 2452 didici
697 2398 780 2469 getioe
791 2398 983 2469 sarmaticeque
995 2397 1075 2467 loqui.

332 2523 395 2599 Illa
411 2544 521 2601 autem
542 2525 652 2600 Gctz'co
670 2525 881 2598 Tomitarnrn
903 2523 1020 2621 lingua
1037 2525 1120 2626 quid
1135 2555 1175 2599 er
1195 2527 1310 2603 Graeca
1327 2531 1416 2604 mix-

334 2662 406 2716 tum
430 2642 571 2733 habuit,
588 2643 680 2744 qnod
697 2641 809 2715 coloni
827 2670 868 2715 er
883 2639 1004 2716 Mileto
1023 2641 1129 2716 Graeci
1146 2645 1275 2718 Tomos
1297 2645 1417 2719 eondi-

333 2759 471 2834 derant:
489 2757 593 2832 Trist.
609 2756 669 2831 lib.
688 2759 753 2844 111,
773 2754 869 2854 Eleg.
886 2777 947 2831 tx:

495 2907 549 2962 Hic
559 2924 665 2975 quoque
678 2916 742 2959 sunt
754 2905 836 2974 igitur
848 2907 954 2968 Graia,
967 2906 1025 2976 quis
1035 2905 1177 2961 crederet?
1191 2909 1286 2974 nrbes,

528 2998 604 3052 lnter
611 2996 766 3051 inhumano
776 2998 888 3050 nomina
900 2997 1036 3052 barbaria.

495 3089 558 3143 Huc
570 3106 675 3158 quoque
688 3089 780 3141 Mileto
789 3090 802 3120 ²
812 3087 884 3143 missi
895 3108 994 3144 venere
1005 3090 1109 3158 coloni,
1121 3099 1171 3144 eto

333 3203 421 3290 Hine
438 3233 488 3289 est
504 3215 596 3317 qnod
611 3214 713 3290 Trist„
731 3213 791 3290 lib.
813 3217 854 3303 V,
873 3212 968 3312 Eteg.
988 3235 1036 3306 tt,
1054 3217 1144 3291 canit
1157 3247 1206 3292 vs.
1223 3216 1268 3319 67
1289 3236 1323 3293 et
1339 3217 1388 3292 68
1403 3250 1412 3294 :

495 3365 642 3435 Nesciaque
654 3375 693 3418 est
705 3363 775 3419 vocis
788 3363 859 3435 quod
872 3365 983 3419 barbara
995 3365 1085 3437 lingua
1095 3367 1199 3433 latium

529 3456 657 3526 Graiaque
669 3453 740 3526 qnod
757 3459 849 3548 Celetro
861 3457 929 3512 victa
939 3461 1038 3527 loquela
1050 3477 1136 3524 sono;

329 3595 365 3651 et
380 3576 476 3672 Eleg.
493 3593 563 3664 Vll,
581 3603 665 3649 vers.
682 3601 771 3676 9-12
790 3605 799 3648 ε

498 3723 591 3777 Turba
606 3725 744 3776 Tomitana
757 3741 817 3791 qne
828 3722 863 3777 sit
875 3722 1007 3794 regionis,
1020 3733 1048 3777 et
1059 3724 1131 3778 inter

532 3815 609 3884 Quos
622 3814 741 3877 habitem
752 3833 841 3870 mores
848 3855 857 3884 ‚
870 3814 970 3870 discere
981 3835 1047 3870 eura
1058 3816 1106 3870 tibi
1116 3816 1177 3873 esst

365 3985 374 4016 ¹
394 3979 466 4035 Vide
478 3982 556 4037 Trist.
568 3983 611 4037 tib.
627 3983 686 4052 111,
702 3983 776 4054 Eleg.
789 4000 847 4051 nr,
860 4003 928 4038 vers.
947 3987 1046 4052 45-50,
1064 4005 1124 4054 quo
1139 3984 1236 4041 eodem
1251 4007 1331 4042 sensu
1346 4001 1410 4044 sunt

330 4065 489 4137 arripienda.

365 4161 377 4191 ²
394 4159 475 4214 Trist.
485 4157 529 4214 lib.
541 4157 576 4227 V,
590 4157 662 4231 Eieg.
676 4177 710 4226 x,
724 4177 792 4213 vero
800 4159 833 4214 33
844 4177 851 4213 z
863 4180 879 4206 α
890 4161 950 4215 Hos
960 4179 1080 4232 qnoque,
1091 4162 1137 4232 qui
1150 4167 1236 4232 ‘euro‘
1247 4166 1332 4219 Graia
1343 4183 1406 4219 ere-

332 4245 434 4301 duntur
445 4246 477 4300 ab
487 4249 561 4310 urbe,
576 4247 630 4301 Pro
642 4245 726 4314 patrio
737 4245 809 4300 cultu
821 4249 926 4301 Persica
937 4252 1031 4302 bracca
1041 4249 1113 4319 tegit.
1128 4272 1142 4297 υ
