3017 5000
447 464 544 534 ren
568 468 602 533 J.
630 466 862 535 Messon.
1154 475 1199 563 93

116 624 212 680 vocat
231 603 378 679 Velleius
398 612 426 689 ¹,
445 606 541 702 cujus
558 604 678 693 verba,
696 634 870 707 perperam
887 632 907 679 a
931 608 1205 683 commentatori-

115 722 181 795 bus
197 720 384 822 preterita,
401 738 507 821 poeta
523 740 668 795 mentem
685 721 836 823 apprime
850 719 1030 793 illustrant.
1051 756 1068 787 (ι
1089 724 1202 816 Mors,

120 872 136 901 n
154 836 227 925 ait,
245 834 368 921 Drusi,
381 833 448 933 jam
464 833 593 933 pridem
609 851 797 909 tumescens
813 832 941 909 bellum
960 835 1117 910 excitavit
1131 841 1202 913 lta·

122 988 138 1019 n
160 952 266 1027 licum
289 982 297 1023 ε
317 950 441 1051 quippe
458 952 495 1023 L.
516 952 664 1039 Caesare,
684 952 722 1025 P.
743 949 875 1025 Rutilio
895 978 982 1025 coss.
1005 952 1128 1027 abhinc
1143 983 1205 1028 an-

122 1106 137 1137 a
156 1099 227 1147 nos
243 1089 313 1143 cxx
331 1069 477 1164 (idest,
496 1096 573 1142 ann.
593 1072 635 1143 U.
656 1071 695 1143 C.
714 1069 885 1166 ncttttv.)
900 1069 1017 1165 Quum
1031 1070 1066 1143 id
1079 1070 1202 1147 malum

120 1223 137 1255 n
158 1188 197 1261 in
208 1186 364 1261 universa
375 1182 470 1258 ltalia
479 1184 522 1259 ab
534 1183 710 1259 Asculanis
720 1202 819 1273 esset,
831 1212 913 1257 ...ac
924 1184 1205 1265 deindeallarsis

121 1342 137 1371 a
156 1323 351 1407 exceptum,
365 1303 402 1376 in
416 1332 532 1377 omnes
545 1319 754 1404 penetrasset
765 1301 935 1397 regiones,
948 1332 1037 1379 arma
1046 1307 1203 1386 adversns

121 1458 137 1488 a
158 1425 332 1497 Romanos
352 1422 478 1520 (NB.)
495 1420 594 1521 cepit.
625 1420 782 1515 Quorum
805 1435 845 1491 ut
865 1418 999 1493 sortnna
1022 1440 1139 1511 atrox,
1157 1426 1204 1499 ita

121 1574 138 1603 »v
157 1566 257 1613 cansa
274 1537 341 1611 fnit
355 1534 547 1635 justissima.
571 1532 697 1631 (NB.)
712 1534 878 1607 Petebant
894 1535 981 1608 enim
999 1565 1070 1611 eam
1087 1540 1204 1614 civita-

124 1690 140 1719 »
159 1673 247 1739 tem,
264 1652 361 1749 cujus
372 1649 550 1749 imperium
564 1650 664 1723 armis
678 1648 880 1735 tuebantur,
903 1683 920 1713 »
938 1667 972 1723 ct
986 1669 1113 1742 cetera,
1131 1676 1204 1756 quae

121 1768 209 1843 lectu
226 1767 336 1865 digna.
355 1764 417 1839 Vel
432 1766 510 1841 hinc
525 1792 605 1840 vcro
620 1763 797 1853 discimus,
816 1794 884 1865 qno
895 1765 969 1864 jure
985 1770 1076 1842 Naso
1088 1790 1204 1846 noster

122 1882 336 1979 Pelignornm
352 1906 441 1953 unna
459 1879 581 1953 dixerit
595 1879 734 1953 honesta.

171 1999 273 2074 Plura
289 1998 318 2073 si
337 1996 414 2098 quis
431 1996 472 2069 de
489 1994 640 2069 Sulmone
655 1996 824 2097 requirat,
849 1998 1060 2099 geographos
1078 2026 1202 2076 consu-

28 2160 29 2163 *
123 2114 187 2191 lere
197 2113 335 2201 licebit,
348 2111 399 2186 vel
415 2112 582 2187 Herculem
594 2110 786 2211 Cr'osnniurn,
803 2111 861 2212 qni
872 2115 1060 2187 communis
1069 2117 1203 2217 utrique

124 2230 234 2333 patriae
250 2229 417 2333 prolixam
434 2229 514 2305 satis
532 2226 808 2329 descriptionem,
823 2228 1007 2329 prasertim
1025 2232 1137 2330 quoad
1150 2262 1204 2306 re-

123 2350 302 2423 centiorem
319 2364 443 2423 statum
464 2346 601 2432 attinet,
622 2344 691 2419 suis
707 2344 741 2418 in
764 2362 900 2445 poetam
916 2345 1205 2423 observationibus

125 2468 271 2570 prefixit.
287 2468 337 2542 Ea
350 2494 428 2541 vero
443 2464 558 2540 civitas
571 2490 659 2538 anno
675 2462 809 2537 tandem
822 2461 974 2563 proxime
989 2461 1124 2564 elapso,
1135 2494 1206 2540 arae

126 2584 209 2680 vulg.
223 2600 379 2671 unccvt,
391 2599 485 2654 terrae
495 2596 591 2653 motu
604 2596 638 2652 et
647 2579 741 2654 hiatu
748 2579 885 2679 penitus
894 2579 1020 2654 corruit
1028 2581 1204 2684 periitque.

170 2703 231 2774 llI.
260 2703 438 2772 NATALEM
459 2725 559 2772 suum
571 2723 687 2770 onnurn
703 2711 817 2770 noster
833 2697 984 2797 proxime
1007 2697 1134 2773 indicat
1149 2728 1204 2773 eo-

126 2817 197 2891 dem
215 2817 363 2892 carmine
387 2841 449 2900 10,
468 2813 571 2888 Trist.
590 2809 650 2885 lib.
668 2813 728 2898 lv,
745 2841 829 2908 vers.
851 2813 924 2886 5et
937 2813 985 2887 li:

188 3027 191 3035 Ι
291 2961 389 3016 Editus
400 2960 444 3015 hic
454 2979 503 3030 ego
514 2977 588 3022 suma
602 2978 718 3012 necnon
730 3000 738 3024 ,
751 2948 915 3029 ut'temporn
926 2961 1017 3027 norit,

323 3052 419 3122 Quum
432 3051 526 3106 cecidit
540 3050 596 3104 l'ato
608 3053 700 3104 consul
710 3061 821 3120 uterquc
834 3051 907 3120 pari,

129 3170 249 3270 quibus
272 3167 430 3242 consules
457 3165 544 3240 clarc
561 3166 791 3262 designantur,
810 3195 897 3267 quos
914 3167 957 3240 ad
975 3169 1065 3242 hunc
1082 3196 1206 3246 aunum

128 3285 355 3387 adposuimus,
369 3283 509 3359 Hirtium
524 3300 556 3355 et
569 3281 718 3368 Pansam,
736 3283 796 3384 qni
806 3282 899 3356 bello
911 3283 1091 3371 Mutinensi,
1108 3285 1206 3362 simul

128 3429 200 3476 cum
212 3403 343 3476 Caesare
358 3399 561 3486 Octaviano,
575 3399 732 3472 adversus
746 3399 795 3472 Μ.
811 3399 997 3473 Antonium
1012 3401 1208 3479 dimicantes

130 3515 225 3588 ambo
245 3514 457 3600 ceciderunt3
477 3513 613 3586 duobus
635 3539 756 3614 nempe
783 3512 905 3613 praeliis
930 3515 1016 3588 cirea
1039 3517 1207 3591 Mutinam

130 3632 239 3732 Apn'ti
248 3657 363 3704 mense
374 3629 580 3717 commissis,
595 3627 718 3733 quibus
731 3629 888 3704 consulum
897 3630 976 3703 ulter
986 3631 1018 3702 in
1031 3633 1111 3718 ecee,
1129 3635 1211 3707 ulter

128 3763 195 3846 post
203 3776 324 3850 paucos
338 3747 403 3820 dies
418 3775 460 3820 ee
476 3747 604 3819 vulnere
620 3759 744 3819 inertem
762 3745 844 3817 obiit.
863 3753 878 3784 ²

178 3867 286 3966 Cujus
304 3895 400 3940 casus
418 3864 605 3966 geminique
623 3863 811 3956 certaminis
833 3882 965 3965 tempus
987 3866 1089 3966 paulo
1111 3897 1208 3944 acen·

134 3985 251 4072 ratius,
271 4012 372 4085 qoam
390 3980 491 4077 vulgo
507 3981 568 4068 lit,
585 3980 779 4082 exposuisse
794 4006 910 4054 rernm
932 4009 1041 4083 operae
1062 3984 1208 4085 pretium

165 4149 173 4180 ¹
190 4147 245 4201 uu.
259 4149 301 4216 u,
314 4170 371 4218 cap.
387 4155 416 4203 ιε
428 4169 434 4202 ;
446 4148 506 4202 nae
520 4159 547 4202 n
561 4147 632 4202 utor.
647 4147 692 4203 ut.
703 4147 764 4215 ιιι,
782 4167 838 4218 aaa.
851 4129 959 4217 ,eſse

167 4234 178 4262 ²
194 4231 309 4290 Velleius
322 4233 494 4300 Paterculus,
511 4232 555 4286 lib.
569 4233 615 4299 ll,
637 4251 693 4300 cap.
706 4233 746 4286 tt.
