3017 5000
602 467 726 536 lBlS.

128 608 293 705 Sanguine
308 605 436 706 probra
453 604 542 692 luas,
561 624 601 680 ut
617 635 679 680 avo
699 609 849 704 genitore
866 624 1014 696 creatus,

172 724 237 798 Per
253 723 383 797 lacinus
400 751 496 796 soror
511 738 561 797 cst
579 723 633 795 cui
649 751 708 796 sua
723 723 810 796 lacta
825 751 954 823 parcus.
975 747 980 756 ·

128 839 271 915 Ossibus
286 839 388 940 iuque
407 837 474 911 tuis
493 836 549 911 teli
567 863 671 932 genus
684 839 807 913 haereat
824 837 928 927 illud,

173 958 334 1030 Traditur
351 955 448 1030 Icarii
464 983 533 1056 quo
548 955 705 1030 cecidisse
721 982 832 1052 gener.
910 1055 914 1062 Ι

129 1078 239 1175 thue
255 1072 378 1174 loquax
395 1073 432 1145 iu
449 1099 537 1173 equo
555 1090 607 1147 est
622 1072 724 1147 elisus
740 1092 858 1169 guttur
874 1102 1016 1163 acerno,

174 1190 230 1264 Sic
248 1187 311 1262 tibi
327 1187 500 1262 claudatur
519 1185 640 1289 pollice
657 1189 748 1262 vocis
766 1188 839 1263 iter.

26 1369 27 1372 ,
128 1309 195 1380 Aut
211 1323 251 1381 ut
268 1303 485 1380 Anaxarchus
500 1302 566 1404 pila
583 1305 742 1380 minuaris
758 1306 794 1378 in
813 1304 898 1395 ulta,

172 1422 310 1520 lctaquc
325 1447 389 1519 pro
405 1415 513 1492 solitis
527 1417 681 1515 frugibus
701 1447 774 1492 ossa
791 1437 921 1494 sonent.

26 1585 27 1612 r
131 1539 239 1638 thue
260 1553 388 1636 patrem
406 1533 615 1622 Psamathes,
634 1525 759 1608 condat
774 1553 808 1608 tc
824 1535 973 1610 Phoebus
989 1537 1026 1610 in
1039 1537 1105 1613 ima
1154 1561 1203 1632 575

174 1653 331 1736 Tartara;
350 1648 441 1749 quod
456 1667 541 1723 nata
557 1648 679 1723 fecerat
696 1649 753 1724 ille
766 1679 844 1725 sua.

131 1769 235 1867 lnque
253 1783 331 1838 tuos
349 1791 387 1836 ea
402 1763 507 1863 pestis
524 1779 594 1850 eut,
615 1759 714 1862 quam
732 1764 848 1840 dextra
866 1766 1028 1840 Choroebi

151 1949 343 2018 567.San5n1'ae
346 1948 441 2012 probra
448 1947 512 1998 luas.
521 1943 643 2016 Myrrha,
693 1948 784 2001 onmia
795 1948 865 2003 laute
874 1960 951 2018 atque
961 1948 1070 2003 adfatim
1081 1949 1206 2020 adparata

133 2027 246 2101 Cynam
256 2025 329 2090 lilia,
346 2044 379 2077 ex
396 2023 476 2094 patris
493 2041 645 2092 compressu
694 2045 748 2079 esse
759 2055 772 2092 ,·
786 2037 962 2095 preterquam
980 2027 1050 2096 quod
1067 2039 1145 2097 caput
1160 2048 1208 2082 sa-

26 2167 27 2172 ,
131 2103 350 2160 famosissimum
365 2101 468 2172 peperit
480 2099 607 2154 Adonim·
695 2104 1005 2177 trapalNicocreantcm
1013 2107 1206 2173 innuensluon

163 2186 221 2256 569.
232 2183 646 2249 Osst'busrhqaetar’s...Icariige-
695 2181 790 2235 eodem
803 2181 918 2234 adlatum
932 2194 1007 2236 esset.
1026 2184 1105 2240 Hanc
1114 2205 1206 2240 vocem

26 2267 27 2278 ¹
133 2281 182 2314 aer.
192 2259 337 2314 interemit
350 2257 474 2330 Ulyssem
484 2266 587 2327 putrent
595 2253 649 2308 're-
695 2271 785 2329 postea
796 2261 999 2314 Nicocreontem
1008 2302 1016 2329 ,
1026 2274 1134 2317 mortuo
1143 2264 1209 2318 Ale-

26 2375 28 2434 }
132 2340 254 2411 legonus,
270 2347 377 2406 accepto
389 2355 403 2388 a
417 2333 496 2388 Circe
515 2345 598 2387 matre
612 2333 648 2402 ja·
695 2337 812 2403 xandrn,
822 2336 921 2405 ultum,
930 2348 1008 2409 atque
1019 2341 1206 2396 Anaxarchum

133 2419 213 2483 eulu,
239 2417 286 2471 cui
310 2432 359 2484 pro
382 2411 488 2482 cuspide
509 2412 648 2481 pestium
695 2428 850 2486 tempestate
872 2417 986 2486 quadam
1002 2417 1094 2490 Cypro
1111 2419 1208 2491 adpul-

26 2506 27 2513 ’
134 2498 241 2553 marine
261 2494 338 2565 spina
356 2491 462 2563 praestan
479 2505 557 2556 erat,
582 2490 646 2545 duttt
693 2516 755 2552 sum
768 2497 1014 2567 comprehendisse,
1027 2500 1207 2573 mortarioque

26 2578 27 2583 ’
134 2578 198 2633 [αις
212 2576 334 2633 Ithacam
350 2572 479 2641 venisset,
499 2584 602 2642 patrem
618 2582 649 2628 ut
696 2576 749 2643 siva
764 2575 816 2646 pila
831 2574 886 2647 (ut
903 2576 946 2631 hic
962 2577 1077 2645 dicitur)
1094 2580 1208 2649 imposi-

26 2684 27 2693 ,
135 2657 241 2721 ήκω,
251 2654 386 2723 hujusque
396 2650 648 2719 armentaaltigeret,
697 2662 753 2705 tum
765 2692 773 2719 ,
790 2652 890 2723 pistillis
904 2654 998 2707 ferreis
1009 2656 1138 2709 contundi
1150 2658 1209 2725 jus-

26 2736 28 2829 }
138 2732 241 2805 ignaria
251 2734 336 2803 patris
346 2752 376 2785 ca
387 2732 527 2785 assavit.
539 2732 632 2782 Aura.
697 2732 775 2785 sisse:
788 2731 973 2785 exsertaetiam
981 2732 1086 2803 lingua,
1097 2752 1131 2787 ue
1143 2754 1210 2790 con-

165 2818 221 2884 ⁵7¹·
237 2814 323 2881 thue
337 2815 440 2880 loquax.
458 2808 541 2862 Hunc
560 2808 649 2861 locum
698 2808 786 2876 viciis,
800 2809 893 2877 quihus
909 2810 988 2864 etiam
1002 2810 1073 2863 inter
1085 2811 1210 2880 supplicia

135 2892 241 2963 explicat
259 2890 386 2945 Politian.
405 2888 433 2940 in
450 2884 648 2949 Miscellaneis,
698 2896 843 2957 tyrannum
856 2888 1018 2954 incessebat,
1036 2888 1133 2943 diutius
1146 2910 1211 2945 mo-

135 2966 504 3040 oep.75.lntelligiturautem
514 2962 649 3027 Anticlus,
697 2963 777 3019 leatus
795 2974 882 3029 easet;
906 2965 965 3018 vide
985 2976 1012 3019 et
1032 2967 1119 3022 Valer.
1139 2968 1210 3023 Max.

26 3066 27 3085 r
136 3049 177 3117 qui
192 3068 255 3103 eum
276 3044 377 3099 ceteris
391 3042 490 3097 Gracia
505 3060 575 3111 equo
586 3039 651 3093 Du·
697 3041 1039 3111 tib.111‚cap.3.1t11‘crr.

136 3140 206 3183 ,2220
223 3126 360 3191 indueus,
380 3124 413 3177 ad
429 3140 520 3176 vocem
538 3122 651 3175 Heleno
728 3122 784 3191 575.
793 3122 875 3187 thue
878 3130 976 3187 patrem
982 3125 1136 3178 Psamatlt's.
1144 3126 1211 3183 Scri·

137 3205 284 3261 simulantis
293 3220 447 3257 sermonem
460 3211 488 3253 et
498 3198 577 3251 verba
587 3216 651 3250 uxo·
697 3200 730 3251 he
741 3202 892 3252 Psamathes
900 3219 932 3253 ex
940 3201 1045 3255 Photio.
1055 3204 1213 3276 lle-thue

137 3284 170 3336 f„
180 3281 264 3349 illim,
278 3278 440 3349 respondere
452 3276 543 3329 voluit.
556 3273 609 3329 Sed
619 3274 650 3327 ab
694 3290 793 3347 patrem
800 3280 960 3332 Psamathes.
971 3280 1010 3333 lta
1021 3282 1048 3333 in
1056 3282 1160 3337 Aldinis
1172 3287 1211 3338 le-

137 3360 229 3433 Ulyue
243 3378 278 3413 eo
292 3377 376 3427 usque
390 3355 458 3409 illius
471 3354 560 3408 lauces
572 3371 651 3407 com·
699 3355 770 3425 gitur
780 3376 786 3418 ;
798 3366 827 3409 ut
836 3356 869 3408 de
881 3355 1001 3426 Crotopo
1008 3360 1160 3415 Psamathes
1170 3384 1212 3432 pa·

136 3433 651 3507 prm,doneccumvoceunaetvitam
699 3442 760 3498 tre,
778 3434 853 3501 cujus
865 3434 1018 3488 crudelitate
1031 3434 1112 3491 Linus
1125 3438 1212 3499 iulans
1306 3460 1309 3465 ·

138 3516 273 3569 amitteret
291 3522 418 3567 :auctore
432 3507 627 3582 Tryphiodoro.
699 3510 851 3579 expositus,
873 3520 901 3564 et
924 3528 939 3563 a
958 3512 1066 3567 canibus
1085 3516 1212 3575 laceratus

168 3596 223 3662 ⁵73.
236 3594 295 3647 Aa!
307 3602 337 3643 ut
344 3590 527 3643 Anaxarchus.
543 3587 575 3640 ln
588 3584 651 3639 Vita
698 3586 764 3651 suit,
772 3586 939 3656 intelligatur.
950 3589 986 3642 Et
996 3590 1063 3646 hauc
1072 3592 1212 3651 lectionem

137 3674 302 3737 Anaxarchi,
321 3672 441 3727 Laertius
461 3667 557 3734 tradit,
572 3669 651 3719 Ana-
697 3668 779 3743 ¹etiarn
791 3666 953 3737 prohabilem
963 3669 1027 3723 lacit
1038 3670 1065 3724 id
1077 3674 1148 3741 quod
1160 3687 1211 3731 sta·

135 3754 259 3807 mum
284 3752 358 3805 huuc
379 3748 539 3802 Abderitam
554 3744 650 3811 luisse,
699 3748 747 3799 tim
758 3746 876 3814 sequitur
887 3746 919 3800 de
934 3747 1085 3816 Choroebo,
1105 3753 1139 3807 de
1158 3774 1212 3825 quo

135 3840 163 3882 et
175 3828 358 3883 Alexandrum
376 3834 504 3879 secutum.
520 3821 650 3876 llahuisee
700 3824 843 3879 Pausanias
854 3825 883 3877 iu
897 3826 997 3880 Atticis.
1007 3828 1057 3881 Vel
1066 3826 1211 3903 Crotopus,

136 3909 373 3963 uteminimicum
382 3902 651 3973 Nicocreontem,Cy·
701 3903 862 3973 Argivorum
874 3900 938 3972 rer,
959 3906 1004 3959 uhi
1016 3907 1120 3962 rescivit
1131 3911 1213 3966 liliam

138 3989 257 4059 priorum
272 3998 428 4059 tyrannum.
441 3981 559 4037 Proinde
568 3998 652 4050 quum
700 3980 733 4033 ab
742 3979 864 4047 Apolline
871 3980 1004 4048 vitiatam,
1014 3995 1092 4053 atque
1102 4000 1215 4043 matrem

136 4066 279 4137 aliquando
287 4084 351 4119 eum
360 4064 650 4125 Alexandrocoeuaret,
701 4058 757 4126 jam
773 4076 847 4124 esse,
863 4060 944 4113 morti
963 4059 1043 4114 dedit.
1061 4064 1216 4134 lndignatus

137 4146 211 4213 isque
222 4145 256 4199 de
266 4144 380 4199 convivii
394 4142 519 4211 adparatu
529 4139 650 4191 Anaxar·
703 4136 801 4206 Apollo
817 4134 966 4207 Crotopum
978 4139 1094 4193 coniecit
1104 4143 1167 4196 telis.
1176 4144 1219 4209 M,

136 4221 219 4285 chusae
238 4224 438 4293 interrogas-ct,
464 4215 651 4287 respondisse,
736 4220 794 4283 577.
812 4212 890 4281 Inque
907 4223 965 4269 taos
982 4236 1015 4268 ea
1025 4222 1108 4283 pestis
1125 4230 1177 4274 eat.
1194 4223 1219 4275 A
