3017 5000
33 1879 35 1912 i

33 1913 34 1940 t

574 492 724 563 VITA.

275 633 423 704 Virgilium
435 631 490 688 ridi
501 641 608 690 tantum
620 652 627 688 ι
638 653 689 690 nec
700 651 779 690 avara
790 631 898 688 Tibullo

306 725 425 796 Tempus
437 725 559 782 amicitias
569 726 624 782 tata
635 724 733 779 dedere
745 743 821 778 mess.

270 815 413 871 Successor
424 815 476 870 suit
487 815 531 872 bic
542 816 602 885 tibi,
616 815 691 871 Galle
701 837 708 883 ;
719 815 876 886 Propertius
887 813 932 869 itti.

306 905 429 976 Quartus
439 907 472 961 ab
483 905 525 962 bis
537 907 605 962 serie
617 906 745 976 temporie
757 906 812 978 ipso
823 905 880 960 sui:

270 997 365 1068 thue
379 1017 431 1069 ego
440 999 573 1070 imatores,
585 999 623 1054 sio
634 1017 679 1054 me
690 999 797 1056 soluere
809 997 928 1053 minores
941 1015 949 1051 ε

308 1089 431 1160 Notaque
443 1109 499 1146 nou
510 1089 586 1146 tarde
597 1089 667 1144 iacta
681 1087 792 1143 Thaleia
804 1107 865 1142 mea
876 1097 925 1144 est.

118 1205 151 1276 ln
166 1204 314 1280 secundo
333 1206 375 1284 de
390 1206 563 1283 Tristibus
585 1235 620 1284 se
641 1225 677 1283 et
696 1205 901 1282 causidicum
923 1205 1027 1282 fuisse
1054 1206 1190 1296 scribit,

118 1318 188 1392 etin
203 1321 346 1421 privatis
362 1321 472 1398 musis
488 1322 671 1412 arbitrum,
690 1321 745 1398 his
761 1320 915 1399 versibus
930 1349 939 1395 τ

270 1468 330 1526 Nec
341 1469 410 1524 male
423 1469 561 1524 commisse
573 1479 613 1524 est
624 1465 700 1522 nobis
710 1467 821 1522 fortuna
831 1485 942 1522 reorum

303 1559 397 1629 Usque
409 1558 502 1614 decem
513 1559 600 1614 decies
609 1557 774 1634 inspicienda
783 1557 855 1612 siris.

268 1649 325 1704 Res
336 1669 443 1721 quoque
454 1650 568 1722 privatas
579 1649 660 1705 statui
669 1651 726 1704 sine
738 1647 850 1704 emmim
863 1645 945 1719 juder
958 1660 965 1699 t

306 1741 402 1810 Deque
414 1759 475 1795 mea
486 1741 554 1796 sassa
566 1753 605 1796 est
617 1760 677 1812 pars
688 1760 795 1811 quoque
807 1737 876 1793 victa
885 1737 947 1792 fide.

118 1855 278 1952 benignus
295 1857 394 1932 etiam
412 1857 495 1932 adeo
513 1857 597 1945 suit,
616 1874 655 1930 ut
670 1853 785 1931 nullus
806 1883 956 1956 unquam
974 1883 1081 1957 opus,
1098 1854 1192 1962 quod

118 1969 178 2069 ipse
203 1989 461 2072 composuerat,
491 1969 677 2074 carpserit,
704 1969 798 2072 quod
820 1969 868 2043 sic
894 1967 968 2070 ipse
990 1985 1132 2044 testatur
1156 1966 1192 2040 in
1284 2023 1290 2028 -

118 2085 207 2160 Trist.
226 2087 288 2162 lib.
307 2089 369 2178 lv,
385 2085 479 2185 Eleg.
500 2107 546 2162 x:

272 2229 330 2283 Nec
341 2229 388 2298 qui
400 2228 529 2283 detractat
540 2227 695 2298 prasentia,
707 2225 776 2279 livor
787 2226 881 2296 iniquo

305 2319 401 2375 Ullum
414 2319 447 2374 de
459 2319 555 2375 nostris
567 2319 647 2372 dente
660 2317 808 2372 momordit
819 2336 893 2388 opus

33 2457 34 2484 t
118 2437 184 2511 Fuit
199 2456 232 2513 et
249 2437 404 2513 moribus
422 2436 655 2512 ornatissimus
674 2465 682 2510 ε
700 2463 778 2510 nam
796 2451 831 2510 et
845 2434 961 2509 viuum
977 2431 1083 2508 multa
1103 2461 1193 2536 aqua

118 2554 250 2631 dilutum
264 2556 424 2643 bibebat,
440 2572 474 2629 et
492 2583 510 2628 a
526 2553 721 2629 detestando
738 2580 920 2655 puerorum
936 2551 1118 2645 eoneubitu
1132 2554 1192 2627 ab·

118 2671 284 2759 horrebat,
303 2690 439 2775 eratque
456 2699 562 2775 purus
581 2670 690 2746 omnis
708 2668 851 2745 sceleris.
881 2670 937 2743 Sir
953 2672 1042 2745 enim
1058 2671 1131 2773 ipse
1149 2671 1191 2746 de

33 2832 34 2843 2
118 2790 237 2883 Ponto,
255 2790 315 2865 lib.
334 2788 481 2887 1,Eteg.
504 2802 550 2865 X:

275 2934 378 2988 Perus
387 2932 416 2986 in
426 2932 505 2985 eriies
517 2949 609 2985 succus
621 2928 689 2981 mihi
701 2926 824 2997 pervenit
835 2936 924 2994 artus,

308 3026 485 3095 Membraque
497 3033 560 3078 sunt
572 3042 632 3076 cera
644 3020 866 3091 prilidioranora.

276 3118 339 3174 Non
352 3118 407 3171 brer.
416 3114 562 3170 immodico
573 3110 691 3167 contrari
705 3111 804 3165 damna
817 3110 914 3182 Lyso:

308 3209 365 3263 Scis
376 3205 460 3274 mibi,
473 3208 553 3275 quani
565 3204 627 3258 soie
638 3220 712 3272 pene
724 3202 851 3255 bibantur
862 3218 945 3270 aquo.

278 3302 341 3357 Non
351 3300 436 3371 epulis
446 3316 546 3353 oneror
557 3317 565 3351 ι
577 3312 690 3367 quarum
703 3293 723 3349 si
739 3304 833 3363 tangar
844 3309 949 3361 amoro,

310 3394 359 3449 liet
370 3404 461 3448 umen
473 3392 502 3445 in
514 3390 614 3445 Getieis
624 3389 699 3457 topia
709 3386 783 3443 nulia
793 3385 865 3443 locis.

276 3488 333 3543 Nec
346 3487 415 3540 vires
426 3485 521 3539 adimit
533 3481 647 3536 Veneris
658 3480 785 3533 damnosa
797 3477 932 3548 voluptas:

308 3578 369 3633 Nou
383 3578 449 3631 solet
460 3577 487 3630 in
500 3584 607 3629 moestos
618 3572 660 3626 itta
673 3572 765 3625 venire
777 3580 856 3622 toros.

124 3701 196 3775 item
212 3702 247 3774 in
265 3698 413 3774 secundo
430 3696 472 3770 de
486 3698 568 3769 Arte
583 3690 714 3766 amandi
733 3689 801 3762 ait:

277 3835 334 3891 Odi
346 3832 517 3900 concubitus,
533 3831 577 3901 qui
591 3849 646 3883 non
659 3827 795 3895 utrimque
808 3824 959 3879 resolvunt:

310 3929 369 3983 Hoc
380 3938 420 3983 est
430 3966 438 3994 ,
450 3936 501 3981 cur·
508 3922 584 3993 pueri
596 3932 690 3990 tangor
701 3936 792 3973 auore
804 3918 901 3970 minus.

125 4046 312 4123 insecundo
329 4062 439 4120 autem
459 4042 499 4115 de
515 4042 646 4127 Ponto,
664 4036 760 4133 Eleg.
780 4052 854 4122 vu,
871 4034 918 4109 sio
935 4032 1052 4108 scribit
1069 4062 1076 4104 :

276 4189 341 4243 Vita
353 4187 426 4257 prior
436 4185 500 4239 vitio
512 4192 600 4249 earet,
613 4190 640 4235 et
652 4180 709 4235 sine
719 4178 778 4235 labe
790 4189 895 4249 peracta
905 4186 961 4230 est:

313 4280 410 4337 Auxilii
423 4280 521 4333 misero
534 4274 573 4331 nil
583 4274 644 4331 tulit
655 4272 699 4329 itta
708 4272 782 4329 mibi.
