3017 5000
432 500 532 565 rna
558 502 590 565 J.
617 498 852 567 messos.
1114 504 1176 595 ,59

115 636 197 736 744,
217 634 418 738 Claudiiqnc
440 638 586 739 primum
608 639 776 728 scribtus,
794 638 855 714 tib.
879 640 961 727 LX,
983 667 1061 740 pag.
1084 640 1178 743 6672

116 784 131 813 ι
148 752 219 823 Hos
236 750 386 828 honores
400 752 596 853 parentibus
611 754 680 830 suis
695 753 864 841 tribuens,
877 752 949 854 ipsc
961 751 1045 826 nihil
1058 774 1182 855 praeter

115 898 129 927 r
145 867 278 939 nomina
295 867 428 969 imperii
447 868 586 969 accepit.
611 868 696 964 Qua
713 869 799 941 enim
817 868 983 968 equestria
1005 869 1181 944 certamina

114 1012 131 1045 ιν
149 980 215 1055 lral.
233 984 382 1079 Augusti
399 984 482 1085 (qni
493 984 840 1082 cstnatalisClandii)
856 984 1066 1074 exhibentur,
1079 985 1178 1059 insti-

117 1128 133 1159 »
152 1113 223 1171 tnta
238 1117 529 1201 suntzproptcrea,
547 1100 638 1201 qnod
654 1130 693 1177 ea
716 1101 770 1175 die
792 1103 934 1179 Mittis
955 1100 1042 1176 ades
1060 1128 1180 1175 consc-

112 1242 128 1273 υ
145 1228 233 1285 crata
256 1212 335 1286 luit.
360 1246 378 1279 n
408 1216 459 1287 Ex
481 1242 548 1314 qno
577 1212 652 1288 loco
676 1214 863 1289 Bucherius
886 1213 1043 1302 deducit,
1068 1240 1180 1287 revera

109 1326 219 1400 Matri
234 1328 479 1430 templum'ltol.
496 1332 589 1429 Arg.
606 1332 719 1404 an.'U.
735 1330 775 1403 C.
791 1329 879 1429 752,
897 1330 1082 1414 dedicatum
1096 1358 1177 1407 esse.

108 1446 150 1516 At
165 1470 270 1546 qnnm
297 1445 481 1520 historicus
508 1445 577 1520 ille.
593 1445 731 1521 omniuo
748 1444 813 1519 hac
827 1444 863 1517 in
882 1463 977 1545 parte
992 1444 1183 1523 adversetur

112 1560 219 1637 Onon
236 1581 271 1635 ct
285 1562 485 1649 tuendam,
507 1562 630 1664 quibos
646 1560 883 1661 locupletiores
900 1562 1063 1655 harinae
1081 1583 1180 1639 testes

109 1675 283 1751 desiderari
295 1696 488 1779 nequount,
500 1678 701 1753 idco-dicem
709 1675 841 1763 malim,
855 1674 907 1752 vel
919 1677 1055 1752 Ilionam
1068 1678 1179 1782 ipsum

107 1794 202 1868 luisse
215 1794 476 1883 hallucinatum,
494 1794 547 1870 vel
562 1796 675 1896 potios
691 1794 849 1869 mendum
861 1794 896 1869 in
909 1795 981 1894 ejus
996 1796 1107 1878 uerbis
1120 1827 1179 1871 cn-

107 1906 198 1997 barc,
216 1938 254 1983 ac
269 1906 346 1983 loco
363 1912 457 1985 vocis
472 1910 590 1985 Mortis
603 1910 834 2011 reponendum
848 1937 919 1983 esse
931 1909 1078 1983 numinis
1093 1910 1179 1989 alius

107 2050 234 2098 nomen.
253 2025 408 2100 Profecto
426 2026 461 2099 in
478 2026 544 2102 alio
558 2028 679 2101 veteris
698 2026 879 2099 kalendarii
896 2024 1070 2119 fragment.
1090 2028 1180 2127 apud

110 2138 228 2213 Gruter.
257 2169 333 2241 pag.
365 2130 452 2235 134,
473 2143 515 2217 ad
537 2142 607 2216 kal.
621 2145 801 2217 'AUGUS'ss
828 2141 970 2237 legimus
986 2128 1108 2214 z'SPEl.
1129 2161 1177 2216 ln

107 2272 227 2329 rorum
245 2258 483 2333 Homromvn
501 2278 625 2335 sanan.
644 2278 690 2332 rr.
709 2260 864 2332 Cnavnn
881 2256 1100 2331 Germanici.

149 2373 202 2445 Ex
221 2374 320 2447 dictis
337 2375 442 2470 igitur
456 2373 541 2449 clane
557 2376 646 2449 sutis¹
658 2393 768 2475 patet,
787 2378 905 2449 Artem.
917 2373 1115 2450 mamonae
1134 2373 1176 2446 ab

89 2531 92 2538 ·
108 2488 223 2564 ovidio
241 2491 344 2568 fnisse
362 2492 499 2582 editam,
518 2490 792 2593 temploqnidom
809 2490 930 2563 Martis
945 2489 1011 2589 jam
1028 2492 1176 2564 Nauma-

108 2605 174 2678 chia
187 2606 327 2707 aliisque
344 2605 540 2708 spectaculis
558 2605 727 2694 dedicato,
747 2635 805 2680 sen
818 2623 897 2707 post
908 2624 947 2677 lv
959 2605 1049 2676 11)th
1058 2605 1177 2677 Molas

106 2719 200 2819 liujus
216 2725 316 2810 anni,
335 2723 393 2802 sed
411 2741 490 2801 ante
506 2723 606 2798 Juliae
620 2721 855 2820 relegationem
875 2732 899 2809 ¹,
916 2750 954 2795 ac
972 2722 1176 2823 Septembris

105 2837 208 2912 finem.
226 2841 314 2936 Qnae
332 2839 492 2914 sententia
507 2839 701 2938 jamdudum
717 2839 919 2912 doctissimis
936 2836 1063 2940 placuit
1081 2839 1174 2927 viris,

106 2979 187 3050 qnos
206 2953 294 3026 inter
310 2952 488 3051 Keplerum
506 2952 618 3025 laudat
632 2950 879 3026 illuslrissimus
894 2951 1048 3026 Norisius
1066 2962 1099 3040 ²,
1117 2952 1175 3052 qui

106 3085 136 3138 ct
149 3069 292 3143 eamdem
317 3099 378 3144 suo
408 3069 535 3144 calculo
562 3070 712 3171 probat:
735 3103 751 3134 κ
770 3071 839 3142 Eos
862 3098 963 3156 vcro,
983 3071 1047 3158 ait,
1067 3069 1173 3142 libros

109 3217 125 3248 ’²
144 3187 259 3285 (Artis
271 3189 441 3282 Amandi)
459 3205 535 3264 ante
552 3189 738 3260 damnatam
752 3187 774 3258 J
777 3185 876 3260 uliam
890 3187 1034 3288 scriptos
1053 3187 1173 3289 opina·

112 3335 127 3366 ι
143 3322 211 3392 tur,
230 3305 450 3408 (Keplorns)
469 3305 559 3406 quod
578 3307 736 3400 Augusto
751 3303 913 3378 adulteris
928 3305 1058 3399 ingenti
1080 3332 1173 3378 seve-

111 3423 233 3494 „riute
251 3450 366 3523 poenas
385 3423 572 3518 irrogante,
590 3419 782 3520 neutiquam
806 3420 906 3522 poeta
929 3449 1030 3493 ausus
1054 3420 1173 3494 fnisset

108 3571 124 3600 ι»
141 3539 297 3617 adulteria
314 3567 353 3616 ac
371 3541 576 3640 promiscuos
589 3538 799 3612 loeminarum
813 3567 941 3612 amores
957 3567 1027 3611 non
1041 3556 1170 3612 tantum

108 3685 123 3716 n
142 3654 288 3742 laudare,
304 3683 417 3728 rerum
433 3655 529 3730 etiam
546 3654 734 3756 praecipere.
753 3657 830 3726 Non
849 3656 981 3754 rejicio,
999 3657 1173 3756 subjungit

109 3771 431 3847 »Eminenrissimus
453 3771 529 3860 vir,
557 3769 768 3871 probabilem
789 3771 1022 3870 conjecturam.
1050 3775 1172 3846 »Nam

133 3973 141 4004 ¹
159 3971 222 4026 Eam
233 3985 297 4028 ante
308 3972 388 4040 hrains
400 3972 462 4028 anui
476 3973 575 4026 exitum
589 3970 686 4042 laetam
698 3968 749 4028 alio
759 3971 850 4038 probat
863 3984 1019 4042 argumento
1033 3971 1170 4046 Cl4Nori-

107 4053 163 4121 sim,
178 4059 209 4112 ‹lc
220 4057 320 4114 Cenot.
334 4057 421 4116 Pisan.
436 4077 493 4126 pag,
508 4057 571 4122 18³,
589 4075 671 4125 quum
682 4066 770 4110 etnos
777 4055 860 4110 secuti
871 4075 963 4110 turnus
973 4095 983 4131 ,
994 4057 1056 4110 Jani
1066 4054 1170 4126 Templ.

108 4133 185 4193 Puer.
195 4161 252 4211 pap
261 4141 321 4202 328.

131 4234 141 4262 ²
156 4233 194 4288 Dc
206 4233 306 4290 Cenat
320 4233 373 4288 Pis.
385 4249 442 4301 pap.
457 4233 510 4286 rua.
