<?xml version="1.0" encoding="UTF-8"?>
<!DOCTYPE html PUBLIC "-//W3C//DTD XHTML 1.0 Transitional//EN"
    "http://www.w3.org/TR/xhtml1/DTD/xhtml1-transitional.dtd">
<html xmlns="http://www.w3.org/1999/xhtml" xml:lang="en" lang="en">
 <head>
  <title>
</title>
<meta http-equiv="Content-Type" content="text/html;charset=utf-8" />
  <meta name='ocr-system' content='tesseract 3.04.00' />
  <meta name='ocr-capabilities' content='ocr_page ocr_carea ocr_par ocr_line ocrx_word'/>
</head>
<body>
  <div class='ocr_page' id='page_1' title='image "./publiiovidiinas01unkngoog_0077.png"; bbox 0 0 3017 5000; ppageno 0'>
   <div class='ocr_carea' id='block_1_1' title="bbox 320 488 1089 587">
    <p class='ocr_par' dir='ltr' id='par_1_1' title="bbox 320 488 1089 587">
     <span class='ocr_line' id='line_1_1' title="bbox 320 488 1089 587; baseline 0 -29"><span class='ocrx_word' id='word_1_1' title='bbox 320 491 367 558; x_wconf 77' lang='lat' dir='ltr'>se</span> <span class='ocrx_word' id='word_1_2' title='bbox 717 488 995 560; x_wconf 75' lang='lat' dir='ltr'>excussus</span> <span class='ocrx_word' id='word_1_3' title='bbox 1086 583 1089 587; x_wconf 15' lang='lat'>¹</span> 
     </span>
    </p>
   </div>
   <div class='ocr_carea' id='block_1_2' title="bbox 272 627 1398 1551">
    <p class='ocr_par' dir='ltr' id='par_1_2' title="bbox 272 627 1398 1551">
     <span class='ocr_line' id='line_1_2' title="bbox 315 627 1397 735; baseline -0.002 -27"><span class='ocrx_word' id='word_1_4' title='bbox 315 636 393 708; x_wconf 87' lang='lat' dir='ltr'>Una</span> <span class='ocrx_word' id='word_1_5' title='bbox 410 649 521 708; x_wconf 84' lang='lat' dir='ltr'>tamen</span> <span class='ocrx_word' id='word_1_6' title='bbox 538 650 587 706; x_wconf 88' lang='lat' dir='ltr'>est</span> <span class='ocrx_word' id='word_1_7' title='bbox 606 661 680 734; x_wconf 81' lang='lat' dir='ltr'>quae</span> <span class='ocrx_word' id='word_1_8' title='bbox 702 632 744 706; x_wconf 93' lang='lat' dir='ltr'>ad</span> <span class='ocrx_word' id='word_1_9' title='bbox 768 632 942 735; x_wconf 85' lang='lat' dir='ltr'>Hyginum</span> <span class='ocrx_word' id='word_1_10' title='bbox 958 630 1083 732; x_wconf 83' lang='lat' dir='ltr'>scripta</span> <span class='ocrx_word' id='word_1_11' title='bbox 1105 627 1256 719; x_wconf 81' lang='lat' dir='ltr'>videtur,</span> <span class='ocrx_word' id='word_1_12' title='bbox 1276 657 1397 732; x_wconf 88' lang='lat' dir='ltr'>nempe</span> 
     </span>
     <span class='ocr_line' id='line_1_3' title="bbox 315 744 1395 848; baseline -0.006 -22"><span class='ocrx_word' id='word_1_13' title='bbox 315 749 433 838; x_wconf 85' lang='lat' dir='ltr'>tertia,</span> <span class='ocrx_word' id='word_1_14' title='bbox 455 748 495 822; x_wconf 86' lang='lat' dir='ltr'>de</span> <span class='ocrx_word' id='word_1_15' title='bbox 511 747 633 834; x_wconf 78' lang='lat' dir='ltr'>Porto,</span> <span class='ocrx_word' id='word_1_16' title='bbox 659 748 718 822; x_wconf 92' lang='lat' dir='ltr'>lib.</span> <span class='ocrx_word' id='word_1_17' title='bbox 737 750 803 822; x_wconf 88' lang='lat' dir='ltr'>lV:</span> <span class='ocrx_word' id='word_1_18' title='bbox 820 748 963 824; x_wconf 85' lang='lat' dir='ltr'>amicum</span> <span class='ocrx_word' id='word_1_19' title='bbox 980 746 1069 822; x_wconf 90' lang='lat' dir='ltr'>enim</span> <span class='ocrx_word' id='word_1_20' title='bbox 1092 744 1270 848; x_wconf 80' lang='lat' dir='ltr'><strong>quemdam</strong></span> <span class='ocrx_word' id='word_1_21' title='bbox 1285 763 1395 835; x_wconf 77' lang='lat' dir='ltr'>taxat,</span> 
     </span>
     <span class='ocr_line' id='line_1_4' title="bbox 315 861 1397 967; baseline -0.003 -26"><span class='ocrx_word' id='word_1_22' title='bbox 315 885 349 941; x_wconf 86' lang='lat' dir='ltr'>et</span> <span class='ocrx_word' id='word_1_23' title='bbox 364 891 442 942; x_wconf 89' lang='lat' dir='ltr'>eum</span> <span class='ocrx_word' id='word_1_24' title='bbox 460 882 540 940; x_wconf 87' lang='lat' dir='ltr'>nota</span> <span class='ocrx_word' id='word_1_25' title='bbox 557 863 701 940; x_wconf 83' lang='lat' dir='ltr'>levitatis</span> <span class='ocrx_word' id='word_1_26' title='bbox 718 866 843 954; x_wconf 88' lang='lat' dir='ltr'>inurit,</span> <span class='ocrx_word' id='word_1_27' title='bbox 871 864 984 967; x_wconf 90' lang='lat' dir='ltr'>quod,</span> <span class='ocrx_word' id='word_1_28' title='bbox 1002 891 1109 966; x_wconf 87' lang='lat' dir='ltr'>quum</span> <span class='ocrx_word' id='word_1_29' title='bbox 1126 861 1284 938; x_wconf 83' lang='lat' dir='ltr'>ateneris</span> <span class='ocrx_word' id='word_1_30' title='bbox 1300 863 1397 938; x_wconf 84' lang='lat' dir='ltr'>annis</span> 
     </span>
     <span class='ocr_line' id='line_1_5' title="bbox 313 978 1396 1079; baseline -0.006 -19"><span class='ocrx_word' id='word_1_31' title='bbox 313 1012 426 1060; x_wconf 90' lang='lat' dir='ltr'>secum</span> <span class='ocrx_word' id='word_1_32' title='bbox 447 983 633 1060; x_wconf 82' lang='lat' dir='ltr'>arctissimo</span> <span class='ocrx_word' id='word_1_33' title='bbox 661 981 917 1058; x_wconf 80' lang='lat' dir='ltr'>necessitudinis</span> <span class='ocrx_word' id='word_1_34' title='bbox 945 978 1082 1056; x_wconf 81' lang='lat' dir='ltr'>vinculo</span> <span class='ocrx_word' id='word_1_35' title='bbox 1110 979 1248 1079; x_wconf 85' lang='lat' dir='ltr'>junctus</span> <span class='ocrx_word' id='word_1_36' title='bbox 1270 978 1396 1068; x_wconf 81' lang='lat' dir='ltr'>luerit,</span> 
     </span>
     <span class='ocr_line' id='line_1_6' title="bbox 313 1096 1396 1186; baseline -0.005 -10"><span class='ocrx_word' id='word_1_37' title='bbox 313 1101 447 1176; x_wconf 86' lang='lat' dir='ltr'>tandem</span> <span class='ocrx_word' id='word_1_38' title='bbox 463 1101 498 1176; x_wconf 85' lang='lat' dir='ltr'>iu</span> <span class='ocrx_word' id='word_1_39' title='bbox 516 1101 653 1182; x_wconf 81' lang='lat' dir='ltr'>adversa</span> <span class='ocrx_word' id='word_1_40' title='bbox 670 1099 804 1174; x_wconf 81' lang='lat' dir='ltr'>fortuna</span> <span class='ocrx_word' id='word_1_41' title='bbox 813 1127 883 1173; x_wconf 90' lang='lat' dir='ltr'>non</span> <span class='ocrx_word' id='word_1_42' title='bbox 895 1098 998 1173; x_wconf 92' lang='lat' dir='ltr'>modo</span> <span class='ocrx_word' id='word_1_43' title='bbox 1005 1097 1083 1174; x_wconf 87' lang='lat' dir='ltr'>eum</span> <span class='ocrx_word' id='word_1_44' title='bbox 1098 1096 1246 1186; x_wconf 71' lang='lat' dir='ltr'>desem,</span> <span class='ocrx_word' id='word_1_45' title='bbox 1262 1096 1321 1170; x_wconf 88' lang='lat' dir='ltr'>sed</span> <span class='ocrx_word' id='word_1_46' title='bbox 1334 1125 1396 1172; x_wconf 88' lang='lat' dir='ltr'>ne·</span> 
     </span>
     <span class='ocr_line' id='line_1_7' title="bbox 314 1212 1397 1322; baseline -0.003 -31"><span class='ocrx_word' id='word_1_47' title='bbox 314 1217 450 1322; x_wconf 88' lang='lat' dir='ltr'>quidem</span> <span class='ocrx_word' id='word_1_48' title='bbox 460 1216 655 1315; x_wconf 85' lang='lat' dir='ltr'>cognovisse</span> <span class='ocrx_word' id='word_1_49' title='bbox 666 1214 810 1290; x_wconf 84' lang='lat' dir='ltr'>simulet.</span> <span class='ocrx_word' id='word_1_50' title='bbox 821 1215 906 1316; x_wconf 86' lang='lat' dir='ltr'>Ejus</span> <span class='ocrx_word' id='word_1_51' title='bbox 917 1233 969 1290; x_wconf 84' lang='lat' dir='ltr'>est</span> <span class='ocrx_word' id='word_1_52' title='bbox 975 1214 1131 1304; x_wconf 88' lang='lat' dir='ltr'>initium,</span> <span class='ocrx_word' id='word_1_53' title='bbox 1146 1212 1335 1316; x_wconf 76' lang='lat' dir='ltr'>Couquemr,</span> <span class='ocrx_word' id='word_1_54' title='bbox 1353 1242 1397 1288; x_wconf 73' lang='grc' dir='ltr'><strong><em>ω</em></strong></span> 
     </span>
     <span class='ocr_line' id='line_1_8' title="bbox 311 1327 1398 1434; baseline -0.005 -27"><span class='ocrx_word' id='word_1_55' title='bbox 311 1336 461 1408; x_wconf 73' lang='lat' dir='ltr'>meam?</span> <span class='ocrx_word' id='word_1_56' title='bbox 477 1333 556 1430; x_wconf 86' lang='lat' dir='ltr'>Qua</span> <span class='ocrx_word' id='word_1_57' title='bbox 568 1333 702 1434; x_wconf 90' lang='lat' dir='ltr'>quidem</span> <span class='ocrx_word' id='word_1_58' title='bbox 717 1328 861 1433; x_wconf 88' lang='lat' dir='ltr'>epistola</span> <span class='ocrx_word' id='word_1_59' title='bbox 871 1329 967 1404; x_wconf 78' lang='lat' dir='ltr'>facile</span> <span class='ocrx_word' id='word_1_60' title='bbox 977 1328 1174 1403; x_wconf 81' lang='lat' dir='ltr'>crediderim</span> <span class='ocrx_word' id='word_1_61' title='bbox 1186 1327 1338 1404; x_wconf 86' lang='lat' dir='ltr'>eumdem</span> <span class='ocrx_word' id='word_1_62' title='bbox 1348 1329 1398 1402; x_wconf 82' lang='lat' dir='ltr'>ab</span> 
     </span>
     <span class='ocr_line' id='line_1_9' title="bbox 272 1445 1396 1551; baseline -0.008 -23"><span class='ocrx_word' id='word_1_63' title='bbox 272 1519 274 1528; x_wconf 93' lang='lat'><em>.</em></span> <span class='ocrx_word' id='word_1_64' title='bbox 313 1449 438 1524; x_wconf 81' lang='lat' dir='ltr'>ovidio</span> <span class='ocrx_word' id='word_1_65' title='bbox 447 1450 576 1538; x_wconf 87' lang='lat' dir='ltr'>notari,</span> <span class='ocrx_word' id='word_1_66' title='bbox 595 1450 630 1522; x_wconf 94' lang='lat' dir='ltr'>in</span> <span class='ocrx_word' id='word_1_67' title='bbox 645 1477 745 1551; x_wconf 92' lang='lat' dir='ltr'>quem</span> <span class='ocrx_word' id='word_1_68' title='bbox 758 1449 831 1551; x_wconf 89' lang='lat' dir='ltr'>ipse</span> <span class='ocrx_word' id='word_1_69' title='bbox 842 1477 934 1522; x_wconf 86' lang='lat' dir='ltr'>nunc</span> <span class='ocrx_word' id='word_1_70' title='bbox 948 1445 1217 1534; x_wconf 77' lang='lat' dir='ltr'>invehitur3nam</span> <span class='ocrx_word' id='word_1_71' title='bbox 1226 1445 1320 1546; x_wconf 87' lang='lat' dir='ltr'>quod</span> <span class='ocrx_word' id='word_1_72' title='bbox 1329 1445 1396 1521; x_wconf 81' lang='lat' dir='ltr'>ait:</span> 
     </span>
    </p>
   </div>
   <div class='ocr_carea' id='block_1_3' title="bbox 511 1595 1128 1752">
    <p class='ocr_par' dir='ltr' id='par_1_3' title="bbox 511 1595 1128 1752">
     <span class='ocr_line' id='line_1_10' title="bbox 646 1595 1071 1665; baseline 0 -16"><span class='ocrx_word' id='word_1_73' title='bbox 646 1635 652 1649; x_wconf 92' lang='lat'>.</span> <span class='ocrx_word' id='word_1_74' title='bbox 665 1639 671 1650; x_wconf 94' lang='lat'><em>.</em></span> <span class='ocrx_word' id='word_1_75' title='bbox 686 1639 691 1651; x_wconf 94' lang='lat'>.</span> <span class='ocrx_word' id='word_1_76' title='bbox 703 1637 709 1652; x_wconf 93' lang='lat'><strong><em>.</em></strong></span> <span class='ocrx_word' id='word_1_77' title='bbox 727 1596 783 1652; x_wconf 87' lang='lat' dir='ltr'>Sed</span> <span class='ocrx_word' id='word_1_78' title='bbox 794 1607 822 1651; x_wconf 89' lang='lat' dir='ltr'>et</span> <span class='ocrx_word' id='word_1_79' title='bbox 834 1596 960 1651; x_wconf 84' lang='lat' dir='ltr'>insultare</span> <span class='ocrx_word' id='word_1_80' title='bbox 973 1595 1071 1665; x_wconf 81' lang='lat' dir='ltr'>jacenti</span> 
     </span>
     <span class='ocr_line' id='line_1_11' title="bbox 511 1681 1128 1752; baseline -0.003 -14"><span class='ocrx_word' id='word_1_81' title='bbox 511 1683 552 1738; x_wconf 87' lang='lat' dir='ltr'>Te</span> <span class='ocrx_word' id='word_1_82' title='bbox 564 1683 628 1738; x_wconf 73' lang='lat' dir='ltr'>milei</span> <span class='ocrx_word' id='word_1_83' title='bbox 639 1723 647 1752; x_wconf 89' lang='lat'>,</span> <span class='ocrx_word' id='word_1_84' title='bbox 660 1701 711 1738; x_wconf 83' lang='lat' dir='ltr'>nee</span> <span class='ocrx_word' id='word_1_85' title='bbox 724 1682 812 1738; x_wconf 70' lang='lat' dir='ltr'>remis</span> <span class='ocrx_word' id='word_1_86' title='bbox 821 1701 929 1751; x_wconf 73' lang='lat' dir='ltr'>puroet-e</span> <span class='ocrx_word' id='word_1_87' title='bbox 936 1681 1016 1735; x_wconf 71' lang='lat' dir='ltr'>lama</span> <span class='ocrx_word' id='word_1_88' title='bbox 1027 1681 1128 1747; x_wconf 71' lang='lat' dir='ltr'>retem</span> 
     </span>
    </p>
   </div>
   <div class='ocr_carea' id='block_1_4' title="bbox 311 1801 1009 1905">
    <p class='ocr_par' dir='ltr' id='par_1_4' title="bbox 311 1801 1009 1905">
     <span class='ocr_line' id='line_1_12' title="bbox 311 1801 1009 1905; baseline -0.003 -29"><span class='ocrx_word' id='word_1_89' title='bbox 311 1819 461 1905; x_wconf 86' lang='lat' dir='ltr'>repetere</span> <span class='ocrx_word' id='word_1_90' title='bbox 478 1803 613 1878; x_wconf 84' lang='lat' dir='ltr'>videtur</span> <span class='ocrx_word' id='word_1_91' title='bbox 626 1803 663 1876; x_wconf 92' lang='lat' dir='ltr'>in</span> <span class='ocrx_word' id='word_1_92' title='bbox 679 1803 778 1892; x_wconf 87' lang='lat' dir='ltr'>lbin,</span> <span class='ocrx_word' id='word_1_93' title='bbox 795 1803 863 1876; x_wconf 86' lang='lat' dir='ltr'>hoc</span> <span class='ocrx_word' id='word_1_94' title='bbox 879 1801 982 1875; x_wconf 92' lang='lat' dir='ltr'>modo</span> <span class='ocrx_word' id='word_1_95' title='bbox 999 1832 1009 1874; x_wconf 76' lang='lat' dir='ltr'>t</span> 
     </span>
    </p>
   </div>
   <div class='ocr_carea' id='block_1_5' title="bbox 474 1947 1168 2098">
    <p class='ocr_par' dir='ltr' id='par_1_5' title="bbox 474 1947 1168 2098">
     <span class='ocr_line' id='line_1_13' title="bbox 474 1947 1168 2022; baseline -0.004 -20"><span class='ocrx_word' id='word_1_96' title='bbox 474 1951 647 2022; x_wconf 80' lang='lat' dir='ltr'>Vulneraque</span> <span class='ocrx_word' id='word_1_97' title='bbox 659 1951 770 2004; x_wconf 82' lang='lat' dir='ltr'>immitis</span> <span class='ocrx_word' id='word_1_98' title='bbox 781 1950 905 2019; x_wconf 81' lang='lat' dir='ltr'>requiem</span> <span class='ocrx_word' id='word_1_99' title='bbox 917 1947 1065 2018; x_wconf 65' lang='lat' dir='ltr'>quaerentia</span> <span class='ocrx_word' id='word_1_100' title='bbox 1077 1957 1168 2011; x_wconf 78' lang='lat' dir='ltr'>vexat,</span> 
     </span>
     <span class='ocr_line' id='line_1_14' title="bbox 510 2031 1031 2098; baseline -0.012 -8"><span class='ocrx_word' id='word_1_101' title='bbox 510 2036 598 2090; x_wconf 77' lang='lat' dir='ltr'>Jacut</span> <span class='ocrx_word' id='word_1_102' title='bbox 609 2035 675 2090; x_wconf 87' lang='lat' dir='ltr'>etin</span> <span class='ocrx_word' id='word_1_103' title='bbox 689 2045 744 2090; x_wconf 92' lang='lat' dir='ltr'>toto</span> <span class='ocrx_word' id='word_1_104' title='bbox 755 2035 836 2088; x_wconf 81' lang='lat' dir='ltr'>verba</span> <span class='ocrx_word' id='word_1_105' title='bbox 846 2033 942 2088; x_wconf 71' lang='lat' dir='ltr'>anina</span> <span class='ocrx_word' id='word_1_106' title='bbox 951 2031 1031 2098; x_wconf 80' lang='lat' dir='ltr'>loro;</span> 
     </span>
    </p>
   </div>
   <div class='ocr_carea' id='block_1_6' title="bbox 309 2151 1139 2426">
    <p class='ocr_par' dir='ltr' id='par_1_6' title="bbox 309 2151 1139 2426">
     <span class='ocr_line' id='line_1_15' title="bbox 309 2151 589 2255; baseline -0.011 -27"><span class='ocrx_word' id='word_1_107' title='bbox 309 2170 343 2228; x_wconf 88' lang='lat' dir='ltr'>et</span> <span class='ocrx_word' id='word_1_108' title='bbox 360 2151 463 2255; x_wconf 89' lang='lat' dir='ltr'>paulo</span> <span class='ocrx_word' id='word_1_109' title='bbox 482 2170 563 2253; x_wconf 87' lang='lat' dir='ltr'>post</span> <span class='ocrx_word' id='word_1_110' title='bbox 581 2183 589 2225; x_wconf 90' lang='lat'>:</span> 
     </span>
     <span class='ocr_line' id='line_1_16' title="bbox 474 2273 1139 2344; baseline -0.006 -14"><span class='ocrx_word' id='word_1_111' title='bbox 474 2276 513 2330; x_wconf 79' lang='lat' dir='ltr'>At</span> <span class='ocrx_word' id='word_1_112' title='bbox 525 2276 587 2336; x_wconf 88' lang='lat' dir='ltr'>tibi,</span> <span class='ocrx_word' id='word_1_113' title='bbox 599 2275 702 2330; x_wconf 66' lang='lat' dir='ltr'>calenti</span> <span class='ocrx_word' id='word_1_114' title='bbox 714 2276 759 2344; x_wconf 87' lang='lat' dir='ltr'>qui</span> <span class='ocrx_word' id='word_1_115' title='bbox 771 2294 833 2342; x_wconf 85' lang='lat' dir='ltr'>me,</span> <span class='ocrx_word' id='word_1_116' title='bbox 845 2273 980 2341; x_wconf 79' lang='lat' dir='ltr'>violente,</span> <span class='ocrx_word' id='word_1_117' title='bbox 992 2273 1139 2343; x_wconf 79' lang='lat' dir='ltr'>jacentem,</span> 
     </span>
     <span class='ocr_line' id='line_1_17' title="bbox 506 2355 1124 2426; baseline -0.008 -15"><span class='ocrx_word' id='word_1_118' title='bbox 506 2357 570 2426; x_wconf 87' lang='lat' dir='ltr'>Qua</span> <span class='ocrx_word' id='word_1_119' title='bbox 582 2357 659 2423; x_wconf 85' lang='lat' dir='ltr'>lieet,</span> <span class='ocrx_word' id='word_1_120' title='bbox 671 2355 737 2411; x_wconf 87' lang='lat' dir='ltr'>heu!</span> <span class='ocrx_word' id='word_1_121' title='bbox 750 2356 848 2410; x_wconf 85' lang='lat' dir='ltr'>misero</span> <span class='ocrx_word' id='word_1_122' title='bbox 858 2355 963 2408; x_wconf 81' lang='lat' dir='ltr'>debitus</span> <span class='ocrx_word' id='word_1_123' title='bbox 975 2355 1057 2408; x_wconf 80' lang='lat' dir='ltr'>hostis</span> <span class='ocrx_word' id='word_1_124' title='bbox 1068 2373 1124 2408; x_wconf 89' lang='lat' dir='ltr'>ero.</span> 
     </span>
    </p>
   </div>
   <div class='ocr_carea' id='block_1_7' title="bbox 307 2471 1400 2692">
    <p class='ocr_par' dir='ltr' id='par_1_7' title="bbox 307 2471 1400 2692">
     <span class='ocr_line' id='line_1_18' title="bbox 309 2471 1400 2574; baseline -0.003 -22"><span class='ocrx_word' id='word_1_125' title='bbox 309 2477 407 2552; x_wconf 86' lang='lat' dir='ltr'>Hane</span> <span class='ocrx_word' id='word_1_126' title='bbox 426 2493 536 2550; x_wconf 89' lang='lat' dir='ltr'>antem</span> <span class='ocrx_word' id='word_1_127' title='bbox 555 2472 693 2569; x_wconf 80' lang='lat' dir='ltr'>elegiam</span> <span class='ocrx_word' id='word_1_128' title='bbox 712 2472 748 2544; x_wconf 93' lang='lat' dir='ltr'>in</span> <span class='ocrx_word' id='word_1_129' title='bbox 766 2471 941 2573; x_wconf 76' lang='lat' dir='ltr'>Hyginum</span> <span class='ocrx_word' id='word_1_130' title='bbox 953 2472 1176 2574; x_wconf 84' lang='lat' dir='ltr'>conscriptam</span> <span class='ocrx_word' id='word_1_131' title='bbox 1191 2500 1263 2549; x_wconf 83' lang='lat' dir='ltr'>esse</span> <span class='ocrx_word' id='word_1_132' title='bbox 1280 2473 1400 2549; x_wconf 86' lang='lat' dir='ltr'>verisi-</span> 
     </span>
     <span class='ocr_line' id='line_1_19' title="bbox 307 2588 856 2692; baseline -0.011 -25"><span class='ocrx_word' id='word_1_133' title='bbox 307 2593 386 2675; x_wconf 89' lang='lat' dir='ltr'>mile</span> <span class='ocrx_word' id='word_1_134' title='bbox 403 2608 476 2681; x_wconf 85' lang='lat' dir='ltr'>est,</span> <span class='ocrx_word' id='word_1_135' title='bbox 496 2620 601 2692; x_wconf 91' lang='lat' dir='ltr'>quum</span> <span class='ocrx_word' id='word_1_136' title='bbox 619 2588 705 2663; x_wconf 87' lang='lat' dir='ltr'>enim</span> <span class='ocrx_word' id='word_1_137' title='bbox 722 2589 856 2689; x_wconf 87' lang='lat' dir='ltr'>inquit:</span> 
     </span>
    </p>
   </div>
   <div class='ocr_carea' id='block_1_8' title="bbox 475 2735 1191 2889">
    <p class='ocr_par' dir='ltr' id='par_1_8' title="bbox 475 2735 1191 2889">
     <span class='ocr_line' id='line_1_20' title="bbox 475 2735 1191 2807; baseline -0.006 -14"><span class='ocrx_word' id='word_1_138' title='bbox 475 2736 522 2793; x_wconf 86' lang='lat' dir='ltr'>Ille</span> <span class='ocrx_word' id='word_1_139' title='bbox 535 2756 586 2807; x_wconf 88' lang='lat' dir='ltr'>ego</span> <span class='ocrx_word' id='word_1_140' title='bbox 596 2754 655 2791; x_wconf 85' lang='lat' dir='ltr'>sum</span> <span class='ocrx_word' id='word_1_141' title='bbox 666 2776 672 2804; x_wconf 85' lang='lat'>,</span> <span class='ocrx_word' id='word_1_142' title='bbox 686 2754 839 2805; x_wconf 83' lang='lat' dir='ltr'>quanquam</span> <span class='ocrx_word' id='word_1_143' title='bbox 850 2754 907 2789; x_wconf 90' lang='lat' dir='ltr'>non</span> <span class='ocrx_word' id='word_1_144' title='bbox 917 2735 956 2789; x_wconf 80' lang='lat' dir='ltr'>ris</span> <span class='ocrx_word' id='word_1_145' title='bbox 967 2736 1078 2805; x_wconf 73' lang='lat' dir='ltr'>audire,</span> <span class='ocrx_word' id='word_1_146' title='bbox 1089 2746 1191 2791; x_wconf 81' lang='lat' dir='ltr'>vetusta</span> 
     </span>
     <span class='ocr_line' id='line_1_21' title="bbox 509 2820 1011 2889; baseline 0 -16"><span class='ocrx_word' id='word_1_147' title='bbox 509 2820 590 2875; x_wconf 67' lang='lat' dir='ltr'>Pone</span> <span class='ocrx_word' id='word_1_148' title='bbox 602 2838 670 2889; x_wconf 85' lang='lat' dir='ltr'>puer</span> <span class='ocrx_word' id='word_1_149' title='bbox 680 2834 767 2889; x_wconf 79' lang='lat' dir='ltr'>puero</span> <span class='ocrx_word' id='word_1_150' title='bbox 775 2820 883 2887; x_wconf 78' lang='lat' dir='ltr'>junctus</span> <span class='ocrx_word' id='word_1_151' title='bbox 890 2820 1011 2873; x_wconf 82' lang='lat' dir='ltr'>amicitia.</span> 
     </span>
    </p>
   </div>
   <div class='ocr_carea' id='block_1_9' title="bbox 309 2934 1398 3141">
    <p class='ocr_par' dir='ltr' id='par_1_9' title="bbox 309 2934 1398 3141">
     <span class='ocr_line' id='line_1_22' title="bbox 309 2934 1398 3039; baseline -0.002 -26"><span class='ocrx_word' id='word_1_152' title='bbox 309 2939 405 3013; x_wconf 72' lang='lat' dir='ltr'>Dixit</span> <span class='ocrx_word' id='word_1_153' title='bbox 416 2964 525 3039; x_wconf 75' lang='lat' dir='ltr'>pauc,</span> <span class='ocrx_word' id='word_1_154' title='bbox 541 2937 635 3039; x_wconf 87' lang='lat' dir='ltr'>quia,</span> <span class='ocrx_word' id='word_1_155' title='bbox 648 2954 731 3011; x_wconf 87' lang='lat' dir='ltr'>teste</span> <span class='ocrx_word' id='word_1_156' title='bbox 742 2934 919 3027; x_wconf 83' lang='lat' dir='ltr'>Suetonio,</span> <span class='ocrx_word' id='word_1_157' title='bbox 929 2936 1089 3039; x_wconf 83' lang='lat' dir='ltr'>Hyginus</span> <span class='ocrx_word' id='word_1_158' title='bbox 1097 2934 1298 3011; x_wconf 81' lang='lat' dir='ltr'>Alexandria</span> <span class='ocrx_word' id='word_1_159' title='bbox 1309 2964 1398 3038; x_wconf 88' lang='lat' dir='ltr'>puer</span> 
     </span>
     <span class='ocr_line' id='line_1_23' title="bbox 310 3052 1394 3141; baseline -0.005 -10"><span class='ocrx_word' id='word_1_160' title='bbox 310 3055 465 3131; x_wconf 83' lang='lat' dir='ltr'>advectus</span> <span class='ocrx_word' id='word_1_161' title='bbox 478 3072 557 3141; x_wconf 86' lang='lat' dir='ltr'>erat,</span> <span class='ocrx_word' id='word_1_162' title='bbox 567 3070 600 3126; x_wconf 91' lang='lat' dir='ltr'>et</span> <span class='ocrx_word' id='word_1_163' title='bbox 613 3052 738 3127; x_wconf 79' lang='lat' dir='ltr'>ovidio</span> <span class='ocrx_word' id='word_1_164' title='bbox 748 3052 1027 3128; x_wconf 87' lang='lat' dir='ltr'>familiarissimus</span> <span class='ocrx_word' id='word_1_165' title='bbox 1032 3052 1107 3128; x_wconf 78' lang='lat' dir='ltr'>fuit.</span> <span class='ocrx_word' id='word_1_166' title='bbox 1118 3056 1250 3128; x_wconf 82' lang='lat' dir='ltr'>Rursus</span> <span class='ocrx_word' id='word_1_167' title='bbox 1259 3053 1394 3127; x_wconf 87' lang='lat' dir='ltr'>ubisie:</span> 
     </span>
    </p>
   </div>
   <div class='ocr_carea' id='block_1_10' title="bbox 289 3197 1462 4345">
    <p class='ocr_par' dir='ltr' id='par_1_10' title="bbox 289 3197 1462 4345">
     <span class='ocr_line' id='line_1_24' title="bbox 480 3197 955 3270; baseline 0.002 -17"><span class='ocrx_word' id='word_1_168' title='bbox 480 3197 526 3253; x_wconf 90' lang='lat' dir='ltr'>llle</span> <span class='ocrx_word' id='word_1_169' title='bbox 539 3218 588 3270; x_wconf 87' lang='lat' dir='ltr'>ego</span> <span class='ocrx_word' id='word_1_170' title='bbox 600 3198 703 3269; x_wconf 83' lang='lat' dir='ltr'>iudiciis</span> <span class='ocrx_word' id='word_1_171' title='bbox 714 3200 794 3255; x_wconf 79' lang='lat' dir='ltr'>unica</span> <span class='ocrx_word' id='word_1_172' title='bbox 804 3200 885 3253; x_wconf 83' lang='lat' dir='ltr'>Musa</span> <span class='ocrx_word' id='word_1_173' title='bbox 897 3200 955 3254; x_wconf 81' lang='lat' dir='ltr'>tuis.</span> 
     </span>
     <span class='ocr_line' id='line_1_25' title="bbox 311 3299 1394 3405; baseline -0.001 -28"><span class='ocrx_word' id='word_1_174' title='bbox 311 3303 411 3378; x_wconf 89' lang='lat' dir='ltr'>Illum</span> <span class='ocrx_word' id='word_1_175' title='bbox 424 3304 573 3405; x_wconf 88' lang='lat' dir='ltr'>apprime</span> <span class='ocrx_word' id='word_1_176' title='bbox 591 3299 775 3392; x_wconf 87' lang='lat' dir='ltr'>literatum,</span> <span class='ocrx_word' id='word_1_177' title='bbox 790 3320 890 3404; x_wconf 88' lang='lat' dir='ltr'>atque</span> <span class='ocrx_word' id='word_1_178' title='bbox 902 3302 1000 3375; x_wconf 87' lang='lat' dir='ltr'>etiam</span> <span class='ocrx_word' id='word_1_179' title='bbox 1014 3301 1166 3376; x_wconf 87' lang='lat' dir='ltr'>criticum</span> <span class='ocrx_word' id='word_1_180' title='bbox 1179 3330 1250 3376; x_wconf 89' lang='lat' dir='ltr'>esse</span> <span class='ocrx_word' id='word_1_181' title='bbox 1262 3299 1394 3393; x_wconf 85' lang='lat' dir='ltr'>innuit,</span> 
     </span>
     <span class='ocr_line' id='line_1_26' title="bbox 312 3418 1398 3523; baseline 0.001 -28"><span class='ocrx_word' id='word_1_182' title='bbox 312 3420 443 3523; x_wconf 88' lang='lat' dir='ltr'>qualem</span> <span class='ocrx_word' id='word_1_183' title='bbox 461 3420 564 3496; x_wconf 89' lang='lat' dir='ltr'>fuisse</span> <span class='ocrx_word' id='word_1_184' title='bbox 582 3438 715 3494; x_wconf 84' lang='lat' dir='ltr'>constat</span> <span class='ocrx_word' id='word_1_185' title='bbox 732 3420 922 3521; x_wconf 78' lang='lat' dir='ltr'>Hyginum,</span> <span class='ocrx_word' id='word_1_186' title='bbox 940 3421 1035 3519; x_wconf 85' lang='lat' dir='ltr'>eujus</span> <span class='ocrx_word' id='word_1_187' title='bbox 1049 3418 1084 3492; x_wconf 92' lang='lat' dir='ltr'>in</span> <span class='ocrx_word' id='word_1_188' title='bbox 1098 3419 1276 3516; x_wconf 78' lang='lat' dir='ltr'>Virgilium</span> <span class='ocrx_word' id='word_1_189' title='bbox 1296 3424 1398 3496; x_wconf 87' lang='lat' dir='ltr'>Com-</span> 
     </span>
     <span class='ocr_line' id='line_1_27' title="bbox 310 3530 1462 3636; baseline 0.001 -27"><span class='ocrx_word' id='word_1_190' title='bbox 310 3534 469 3609; x_wconf 86' lang='lat' dir='ltr'>mentaria</span> <span class='ocrx_word' id='word_1_191' title='bbox 487 3530 665 3610; x_wconf 86' lang='lat' dir='ltr'>laudantur</span> <span class='ocrx_word' id='word_1_192' title='bbox 683 3532 725 3609; x_wconf 89' lang='lat' dir='ltr'>ab</span> <span class='ocrx_word' id='word_1_193' title='bbox 742 3538 784 3609; x_wconf 82' lang='lat' dir='ltr'>A.</span> <span class='ocrx_word' id='word_1_194' title='bbox 807 3533 930 3608; x_wconf 89' lang='lat' dir='ltr'>Gellio.</span> <span class='ocrx_word' id='word_1_195' title='bbox 950 3536 1027 3608; x_wconf 82' lang='lat' dir='ltr'>lam</span> <span class='ocrx_word' id='word_1_196' title='bbox 1041 3565 1118 3609; x_wconf 81' lang='lat' dir='ltr'>vero</span> <span class='ocrx_word' id='word_1_197' title='bbox 1137 3564 1241 3636; x_wconf 90' lang='lat' dir='ltr'>quum</span> <span class='ocrx_word' id='word_1_198' title='bbox 1264 3534 1396 3611; x_wconf 90' lang='lat' dir='ltr'>nullam</span> <span class='ocrx_word' id='word_1_199' title='bbox 1457 3585 1462 3595; x_wconf 86' lang='lat'>·</span> 
     </span>
     <span class='ocr_line' id='line_1_28' title="bbox 289 3634 1397 3757; baseline 0 -28"><span class='ocrx_word' id='word_1_200' title='bbox 289 3634 293 3648; x_wconf 84' lang='lat'><em>.</em></span> <span class='ocrx_word' id='word_1_201' title='bbox 313 3653 402 3755; x_wconf 85' lang='lat' dir='ltr'>apud</span> <span class='ocrx_word' id='word_1_202' title='bbox 428 3652 588 3728; x_wconf 90' lang='lat' dir='ltr'>Ovidium</span> <span class='ocrx_word' id='word_1_203' title='bbox 609 3654 731 3755; x_wconf 90' lang='lat' dir='ltr'>apertis</span> <span class='ocrx_word' id='word_1_204' title='bbox 756 3654 868 3729; x_wconf 83' lang='lat' dir='ltr'>verbis</span> <span class='ocrx_word' id='word_1_205' title='bbox 896 3652 1022 3757; x_wconf 82' lang='lat' dir='ltr'>Hygini</span> <span class='ocrx_word' id='word_1_206' title='bbox 1044 3654 1248 3729; x_wconf 84' lang='lat' dir='ltr'>mentionem</span> <span class='ocrx_word' id='word_1_207' title='bbox 1264 3654 1335 3729; x_wconf 85' lang='lat' dir='ltr'>fieri</span> <span class='ocrx_word' id='word_1_208' title='bbox 1353 3654 1397 3729; x_wconf 89' lang='lat' dir='ltr'>li·</span> 
     </span>
     <span class='ocr_line' id='line_1_29' title="bbox 312 3772 1396 3875; baseline 0.001 -27"><span class='ocrx_word' id='word_1_209' title='bbox 312 3792 431 3875; x_wconf 87' lang='lat' dir='ltr'>queat,</span> <span class='ocrx_word' id='word_1_210' title='bbox 452 3772 630 3846; x_wconf 90' lang='lat' dir='ltr'>subortum</span> <span class='ocrx_word' id='word_1_211' title='bbox 647 3772 797 3873; x_wconf 92' lang='lat' dir='ltr'>equidem</span> <span class='ocrx_word' id='word_1_212' title='bbox 816 3774 904 3847; x_wconf 90' lang='lat' dir='ltr'>inter</span> <span class='ocrx_word' id='word_1_213' title='bbox 919 3773 1012 3874; x_wconf 85' lang='lat' dir='ltr'>ipsos</span> <span class='ocrx_word' id='word_1_214' title='bbox 1036 3773 1212 3849; x_wconf 87' lang='lat' dir='ltr'>dissidium</span> <span class='ocrx_word' id='word_1_215' title='bbox 1230 3772 1396 3875; x_wconf 83' lang='lat' dir='ltr'>suspicari</span> 
     </span>
     <span class='ocr_line' id='line_1_30' title="bbox 312 3883 1397 3992; baseline 0.002 -29"><span class='ocrx_word' id='word_1_216' title='bbox 312 3883 412 3978; x_wconf 87' lang='lat' dir='ltr'>licet,</span> <span class='ocrx_word' id='word_1_217' title='bbox 431 3888 522 3991; x_wconf 92' lang='lat' dir='ltr'>qnod</span> <span class='ocrx_word' id='word_1_218' title='bbox 541 3888 695 3991; x_wconf 88' lang='lat' dir='ltr'>Hyginus</span> <span class='ocrx_word' id='word_1_219' title='bbox 713 3889 827 3965; x_wconf 89' lang='lat' dir='ltr'>Ovidii</span> <span class='ocrx_word' id='word_1_220' title='bbox 845 3888 1027 3965; x_wconf 83' lang='lat' dir='ltr'>exsulantis</span> <span class='ocrx_word' id='word_1_221' title='bbox 1043 3919 1199 3973; x_wconf 83' lang='lat' dir='ltr'>uxorem,</span> <span class='ocrx_word' id='word_1_222' title='bbox 1214 3890 1258 3964; x_wconf 93' lang='lat' dir='ltr'>ob</span> <span class='ocrx_word' id='word_1_223' title='bbox 1277 3890 1397 3992; x_wconf 89' lang='lat' dir='ltr'>pristi-</span> 
     </span>
     <span class='ocr_line' id='line_1_31' title="bbox 313 4006 1396 4109; baseline 0.004 -27"><span class='ocrx_word' id='word_1_224' title='bbox 313 4036 391 4083; x_wconf 87' lang='lat' dir='ltr'>nam</span> <span class='ocrx_word' id='word_1_225' title='bbox 414 4037 489 4083; x_wconf 93' lang='lat' dir='ltr'>cum</span> <span class='ocrx_word' id='word_1_226' title='bbox 514 4006 575 4081; x_wconf 90' lang='lat' dir='ltr'>illo</span> <span class='ocrx_word' id='word_1_227' title='bbox 600 4008 877 4083; x_wconf 82' lang='lat' dir='ltr'>consuetudinem</span> <span class='ocrx_word' id='word_1_228' title='bbox 899 4008 1018 4109; x_wconf 89' lang='lat' dir='ltr'>procul</span> <span class='ocrx_word' id='word_1_229' title='bbox 1036 4009 1143 4083; x_wconf 89' lang='lat' dir='ltr'>dubio</span> <span class='ocrx_word' id='word_1_230' title='bbox 1160 4011 1228 4085; x_wconf 88' lang='lat' dir='ltr'>sibi</span> <span class='ocrx_word' id='word_1_231' title='bbox 1251 4012 1396 4087; x_wconf 86' lang='lat' dir='ltr'>notissi-</span> 
     </span>
     <span class='ocr_line' id='line_1_32' title="bbox 313 4123 1395 4227; baseline 0.006 -28"><span class='ocrx_word' id='word_1_232' title='bbox 313 4154 425 4215; x_wconf 84' lang='lat' dir='ltr'>mam,</span> <span class='ocrx_word' id='word_1_233' title='bbox 451 4123 627 4199; x_wconf 85' lang='lat' dir='ltr'>sollicitare</span> <span class='ocrx_word' id='word_1_234' title='bbox 649 4154 749 4199; x_wconf 92' lang='lat' dir='ltr'>ansus</span> <span class='ocrx_word' id='word_1_235' title='bbox 774 4146 885 4214; x_wconf 86' lang='lat' dir='ltr'>esset,</span> <span class='ocrx_word' id='word_1_236' title='bbox 913 4128 1050 4227; x_wconf 84' lang='lat' dir='ltr'>ejusque</span> <span class='ocrx_word' id='word_1_237' title='bbox 1066 4128 1241 4204; x_wconf 83' lang='lat' dir='ltr'>facultates</span> <span class='ocrx_word' id='word_1_238' title='bbox 1256 4132 1300 4204; x_wconf 93' lang='lat' dir='ltr'>ab</span> <span class='ocrx_word' id='word_1_239' title='bbox 1322 4134 1395 4205; x_wconf 79' lang='lat' dir='ltr'>Au-</span> 
     </span>
     <span class='ocr_line' id='line_1_33' title="bbox 316 4240 1394 4345; baseline 0.008 -28"><span class='ocrx_word' id='word_1_240' title='bbox 316 4261 434 4340; x_wconf 87' lang='lat' dir='ltr'>gusto,</span> <span class='ocrx_word' id='word_1_241' title='bbox 460 4243 555 4343; x_wconf 84' lang='lat' dir='ltr'>cujus</span> <span class='ocrx_word' id='word_1_242' title='bbox 570 4240 712 4317; x_wconf 90' lang='lat' dir='ltr'>libertus</span> <span class='ocrx_word' id='word_1_243' title='bbox 730 4261 816 4333; x_wconf 87' lang='lat' dir='ltr'>erat,</span> <span class='ocrx_word' id='word_1_244' title='bbox 834 4244 1011 4345; x_wconf 89' lang='lat' dir='ltr'>impetrare</span> <span class='ocrx_word' id='word_1_245' title='bbox 1027 4268 1214 4324; x_wconf 76' lang='lat' dir='ltr'>conaretur.</span> <span class='ocrx_word' id='word_1_246' title='bbox 1246 4251 1394 4327; x_wconf 88' lang='lat' dir='ltr'>Proinde</span> 
     </span>
    </p>
   </div>
   <div class='ocr_carea' id='block_1_11' title="bbox 0 0 1514 5000">
    <p class='ocr_par' dir='ltr' id='par_1_11' title="bbox 0 0 1514 5000">
     <span class='ocr_line' id='line_1_34' title="bbox 0 0 1514 5000; baseline 0 0"><span class='ocrx_word' id='word_1_247' title='bbox 0 0 1514 5000; x_wconf 95' lang='lat' dir='ltr'> </span> 
     </span>
    </p>
   </div>
  </div>
 </body>
</html>
