3017 5000
313 488 375 574 144
629 491 668 557 r.
699 490 879 559 ovrnrr
905 492 1038 561 viru

306 629 430 732 prodit,
443 628 487 702 V
480 630 578 703 enirm
587 644 617 703 et
631 630 768 704 Tuccam
783 648 900 735 poetas
913 629 1062 707 illustres
1072 630 1192 721 fuisse,
1204 634 1399 734 quiAEnea-

308 748 381 823 dum
395 764 506 847 postea
522 747 616 821 libros
634 749 835 823 eruendorum
849 750 907 824 snb
926 778 965 824 ea
979 751 1062 850 lege,
1084 766 1119 824 ut
1137 748 1219 823 ririil
1231 752 1395 828 adderent.

306 864 405 937 Unde
420 863 471 938 sas
489 861 666 959 colligere,
684 863 847 939 AEneidos
866 892 995 939 cannen
1014 864 1106 939 haud
1126 883 1203 939 ante
1216 867 1309 941 hunc
1330 897 1399 942 on-

305 1007 387 1053 num
397 979 579 1065 emendari,
590 1006 650 1053 nee
661 980 803 1081 proinde
813 980 966 1055 inlunem
975 982 1109 1084 prodire
1121 982 1284 1083 potuisse.
1298 984 1398 1080 Qua-

308 1114 448 1197 propter
457 1122 565 1198 neque
576 1095 675 1170 eitius
686 1126 724 1171 ea
735 1098 881 1171 Nasonis
894 1096 1119 1193 Elegiaiuerit
1129 1116 1276 1188 exarata,
1288 1128 1400 1202 quum

305 1214 414 1289 adbuc
432 1227 510 1289 etas
527 1230 635 1317 poetae
651 1232 787 1288 strenua
806 1214 913 1303 soret,
931 1244 1014 1290 vers.
1032 1216 1078 1291 3:

451 1380 454 1385 ·
474 1362 537 1418 Non
550 1382 593 1417 me
605 1382 680 1417 more
695 1372 818 1431 patrum,
833 1361 899 1415 durn
910 1376 1013 1418 strenua
1024 1364 1136 1419 sustinet
1147 1374 1227 1427 etas,

509 1455 624 1508 Praemin
638 1454 737 1507 militia
749 1452 932 1523 pulverulenta
942 1456 1041 1525 sequi?

357 1578 402 1649 ΙΙ.
422 1572 528 1671 Quod
543 1572 670 1646 ibidem
687 1600 767 1646 mox
782 1572 902 1662 babet,
921 1601 1004 1647 vers.
1026 1573 1047 1645 5
1066 1572 1164 1649 etii:

473 1724 530 1777 Nec
542 1740 586 1775 me
599 1720 721 1773 verbosas
732 1725 802 1789 leges
813 1724 950 1777 cdr'scere?
961 1742 1011 1777 uec
1023 1742 1067 1777 me

505 1812 613 1884 Ingrato
625 1832 711 1866 uocem
722 1810 886 1881 prostituisse
899 1816 985 1869 Foro?

308 1935 407 2010 Ultro
424 1963 488 2009 nos
505 1931 598 2007 ducit
611 1930 651 2005 ad
667 1930 743 2005 illos
754 1931 810 2004 bic
824 1932 1058 2022 revincendos,
1078 1933 1136 2034 qui
1149 1932 1299 2007 arbitrati
1312 1950 1398 2005 sunt

309 2048 467 2125 Ovidium
487 2046 589 2120 fuisse
609 2044 827 2132 Causidicum,
850 2046 975 2148 quique
995 2046 1045 2122 vel
1063 2048 1144 2120 hinc
1159 2044 1327 2120 manifesti
1340 2074 1396 2119 er-

307 2168 393 2242 roris
418 2180 614 2261 arguuntur.
642 2164 772 2235 Eorum
790 2190 907 2257 agmen
926 2160 1020 2235 ducit
1040 2162 1254 2237 doctissimus
1280 2160 1397 2237 Aldus

308 2282 488 2367 Manutius,
507 2277 633 2353 claudit
648 2306 725 2352 vero
745 2276 860 2352 Petrus
875 2278 1019 2365 Betui,
1039 2278 1154 2352 eodem
1163 2276 1239 2353 loco
1249 2295 1395 2380 uterque

308 2401 469 2483 abutens,
489 2396 592 2471 Trist.
614 2394 674 2468 lib.
692 2396 747 2482 ll,
764 2421 847 2467 vers.
865 2392 937 2493 93:
1138 2389 1142 2401 ¹

470 2546 526 2599 Nec
539 2545 607 2597 mule
619 2542 758 2598 commissa
770 2554 809 2596 est
820 2543 896 2596 nobis
908 2541 1016 2597 fortuna
1028 2561 1153 2608 reorum,

511 2637 604 2705 Usque
617 2638 626 2667 ¹
638 2638 723 2688 decern
733 2637 818 2687 decr'es
829 2633 992 2703 inspicienda
1004 2637 1083 2699 otrih·

309 2759 369 2833 ubi
386 2775 496 2832 tumen
513 2751 600 2827 clare
616 2754 706 2827 Naso
729 2750 913 2848 signifieat,
931 2781 966 2826 se
984 2779 1023 2824 ex
1040 2754 1251 2828 centumviris
1266 2752 1396 2853 jndici-

306 2876 373 2950 bus
385 2872 502 2957 fuisse,
518 2867 800 2972 quemadmodum
817 2887 901 2943 etex
914 2869 1047 2959 Ponto,
1061 2868 1121 2944 lib.
1138 2873 1189 2944 ΙΙΙ
1200 2928 1210 2961 ,
1222 2873 1334 2974 Epist.
1355 2892 1395 2960 v,

307 2989 348 3062 ad
369 2989 527 3073 Cottum,
545 3011 627 3058 vers.
649 3009 688 3084 7,
708 2999 769 3056 etc.
1401 3011 1405 3021 ·

472 3117 606 3182 Le5imns,
620 3131 636 3165 o
648 3113 766 3183 juvenis,
779 3112 856 3182 patrii
867 3131 923 3167 non
935 3114 1052 3185 degener
1063 3114 1132 3182 oris,

502 3208 584 3260 Dicta
594 3205 642 3259 tibi
657 3204 736 3275 pleno
746 3207 825 3257 verba
834 3203 932 3258 diserta
942 3209 1008 3259 Foro
1019 3217 1069 3260 etc.

469 3298 506 3352 As
517 3295 567 3351 nisi
580 3315 739 3366 peccassem.
749 3334 756 3348 .
767 3333 772 3344 .

503 3388 586 3459 Quod
598 3389 665 3459 legi,
678 3399 724 3442 tus
736 3407 787 3442 vox
796 3387 954 3443 exhibuisset
965 3408 1048 3460 opus:

470 3481 563 3551 thue
575 3481 615 3534 fui
627 3481 734 3549 solitus,
754 3480 879 3536 sedissem
890 3481 999 3536 forsitan
1010 3501 1077 3537 sm

502 3573 545 3625 De
558 3573 744 3642 centumjsdet
757 3573 785 3625 in
798 3583 843 3627 tua
857 3573 937 3626 rerba
948 3577 1020 3626 uitri.

307 3723 346 3768 ex
363 3692 487 3793 quibus
502 3687 602 3762 simul
620 3687 750 3763 collatis
767 3687 844 3762 luce
864 3687 1044 3764 meridiana
1062 3689 1184 3766 clarius
1204 3708 1274 3783 est,
1300 3694 1388 3768 Ovi-

339 3845 348 3875 ¹
368 3843 445 3895 Hanc
457 3857 549 3893 vocem
561 3837 684 3892 frivolam
696 3838 746 3892 boc
757 3839 816 3894 ioco
826 3838 959 3909 judicabat
974 3838 1017 3893 ΕΙ.
1030 3839 1087 3896 Nic.
1101 3841 1244 3910 Heinsius,
1262 3842 1387 3914 adeoque

306 3925 423 3996 legebat,
439 3927 536 3992 lisque,
555 3923 644 3991 utqui
664 3933 786 3992 putaret,
803 3929 969 3978 centumuiros
984 3927 1073 3978 Iilr'bss
1080 3927 1234 3993 judicandis
1244 3926 1388 3998 designari.

307 4006 447 4079 Ingeniosa
465 4006 574 4075 quidem
585 4006 809 4070 esternendati03
829 4006 874 4060 sed
894 4010 1038 4070 decemviri,
1057 4027 1112 4061 uon
1133 4020 1223 4062 sutem
1238 4017 1392 4065 centenurii

228 4108 232 4116 ⁴
306 4092 462 4147 dicebantur
472 4090 735 4157 ls'tibnsjsdr'cand12r;
750 4109 896 4160 omnesque
913 4091 1017 4146 codices
1034 4112 1112 4162 nsque
1124 4093 1230 4161 ierunt,
1247 4094 1298 4148 nisi
1310 4095 1385 4164 quod

306 4177 361 4229 duo
369 4187 456 4246 utque,
470 4193 540 4228 unus
551 4180 643 4243 oe'xque
653 4173 776 4229 babeant.
794 4176 850 4229 Nec
864 4176 945 4230 etiam
960 4195 1010 4229 vos
1018 4177 1063 4230 itta
1076 4199 1156 4249 resque
1164 4179 1248 4234 otiose
1258 4179 1384 4244 videtur,

308 4279 392 4330 quum
408 4260 544 4343 satisspte
560 4279 705 4317 numerum
722 4261 861 4318 antecedat
876 4271 1028 4319 centenum
