3017 5000
326 444 388 509 ido
661 442 700 504 P.
728 437 909 508 OVIDII
934 440 1074 506 VITA

322 583 401 660 Hae
417 584 506 657 enim
524 581 608 671 male
627 580 667 655 cl.
686 582 737 655 vir
752 582 927 679 conjungit
944 610 1020 657 cnm
1036 610 1118 657 vers.
1143 610 1184 683 7¹
1205 601 1239 657 et
1254 610 1300 683 72
1316 616 1326 657 t

487 730 562 785 Dona
574 730 681 801 loquor,
693 743 720 786 et
732 730 843 798 flemus,
856 730 920 786 culo
932 732 1103 786 nitidissimus
1114 732 1183 799 alto,

516 823 597 875 Stella
611 824 694 891 gravis
706 824 800 891 nobis,
815 824 921 893 Luctstr
929 835 1004 878 ortus
1015 835 1090 889 eran

322 949 446 1051 quibus
474 978 550 1025 sane
575 948 762 1046 significat,
777 949 842 1048 jam
859 949 1051 1023 adventasse
1068 948 1154 1023 diem
1168 1007 1177 1038 ‚
1193 951 1244 1023 uti
1261 967 1296 1024 et
1317 978 1398 1025 vers.

322 1071 367 1171 47
384 1086 417 1143 ct
434 1068 481 1161 48
498 1098 506 1141 :

486 1215 601 1283 Jamque
614 1234 697 1269 morae
708 1214 821 1285 spatium
834 1235 886 1267 uox
892 1220 1055 1283 precepitata
1066 1213 1179 1285 negabat
1190 1252 1198 1281 ‚

522 1304 657 1376 versaque
669 1306 701 1359 ab
713 1324 759 1359 axe
771 1324 820 1359 suo
832 1305 967 1361 Parrhasis
978 1305 1073 1361 Arctos
1083 1316 1141 1359 erat
1151 1309 1170 1357 ¹.

319 1432 369 1504 At
383 1433 507 1505 Noster
533 1430 738 1505 carminibus
766 1430 835 1505 hac
859 1431 1132 1505 antecedentibus
1156 1429 1241 1504 clarc
1260 1410 1400 1517 indicat,

320 1543 461 1641 longum
480 1543 561 1617 satis
586 1572 688 1617 moue
714 1548 859 1645 spatium
886 1545 927 1619 ad
955 1545 1237 1645 Lueffen'usque,
1256 1572 1317 1619 sen
1339 1544 1400 1617 diei

320 1676 473 1732 exortum
498 1656 622 1745 luisse,
650 1678 830 1761 postquam
848 1686 944 1759 prece
963 1658 1088 1731 Lunum
1103 1659 1169 1758 jam
1186 1658 1284 1731 worn
1305 1687 1399 1733 venc-

254 1786 256 1791 “
319 1790 412 1849 ratus
429 1772 538 1847 suerat
553 1804 560 1845 :
575 1773 651 1848 vide
669 1803 752 1847 vers.
774 1773 896 1873 27-46.

369 1888 529 1961 Praeterea
548 1884 626 1961 licet
642 1886 788 1961 Calvisio
806 1887 978 1973 duremus,
997 1886 1158 1978 Ouidium
1174 1885 1233 1959 illo
1258 1886 1337 1961 loco
1351 1886 1400 1961 in-

319 2034 443 2089 nuere,
462 2006 642 2079 discessum
660 2004 816 2079 incidisse
835 2022 915 2105 post
929 2002 1063 2104 aliquot
1080 2004 1169 2092 dies,
1191 2032 1290 2103 quam
1309 2004 1401 2089 Luna

314 2124 411 2225 plena
427 2120 564 2208 taisson
580 2122 657 2195 inde
675 2138 783 2198 tamen
803 2149 872 2193 non
886 2136 1102 2220 sequeretur,
1119 2116 1187 2191 hoc
1196 2118 1398 2217 plenilunium

319 2238 362 2313 ad
383 2236 547 2314 Octobrem
569 2238 686 2341 potius
705 2222 921 2342 quam'alinm
938 2264 1085 2310 mensem
1102 2252 1278 2336 spectare,
1297 2265 1339 2311 ne
1355 2236 1401 2307 di·

323 2382 394 2429 cam
403 2354 621 2454 ‚pleniluurinu
631 2346 696 2427 ulio
707 2338 816 2427 luisse
827 2350 974 2452 ejusdem
987 2352 1111 2437 mensis
1124 2351 1177 2427 die
1191 2360 1218 2438 ²,
1230 2378 1285 2424 an.
1302 2354 1346 2425 U.
1362 2354 1397 2425 C.

322 2488 486 2560 uccuxll,
505 2500 573 2572 quo
589 2497 666 2543 mox
682 2453 982 2561 demonstrabimus
1000 2467 1144 2559 Nasonis
1159 2464 1311 2574 exsilium
1323 2496 1399 2544 con-

322 2589 446 2684 tigisse.
522 2656 525 2664 .
950 2663 957 2682 ‚

372 2707 466 2810 Hinc⁴
481 2725 529 2780 est
549 2706 640 2806 quod
662 2704 838 2780 Bucherius
855 2735 895 2781 ex
913 2706 1031 2793 eodem
1048 2706 1124 2779 loco
1142 2705 1304 2793 deducat,
1323 2707 1400 2782 Ovi-

324 2817 416 2894 dium
434 2821 565 2895 circiter
583 2841 630 2896 xx
654 2820 817 2895 Novemb.
833 2812 946 2921 'hujus
968 2821 1047 2894 anni
1078 2822 1187 2899 Roma
1202 2821 1404 2901 discessisse.

327 2969 345 3001 ι(
365 2933 478 3034 Quin,
497 2937 563 3026 ait,
581 2954 612 3008 et
629 2937 701 3038 ipse
717 2936 879 3037 quosdam
895 2935 946 3011 sui
961 2965 1001 3010 ex
1014 2935 1096 3010 urhe
1114 2937 1223 3010 Roma
1239 2937 1401 3011 discessus

326 3089 344 3122 u
365 3072 543 3130 caracteres
557 3053 692 3129 indicat.
708 3054 858 3130 Primum
870 3055 971 3128 Trist.
990 3053 1051 3130 lib.
1066 3058 1098 3144 l,
1110 3054 1204 3154 Eleg.
1221 3075 1283 3145 111,
1300 3085 1400 3157 quum

326 3203 344 3236 u
363 3170 459 3244 Luna
474 3172 840 3271 nocturnosaltaregebot
850 3199 967 3274 equos,
987 3171 1021 3244 id
1040 3189 1111 3257 est,
1129 3169 1337 3272 plenilunio,
1352 3171 1400 3244 uti

325 3321 344 3355 s
365 3287 503 3378 volunt,
522 3289 614 3390 quod
631 3288 716 3362 cirea
728 3308 776 3362 xx
786 3287 983 3364 Novembris
997 3288 1063 3363 lroe
1076 3316 1164 3363 anno
1176 3289 1238 3382 (in
1251 3319 1321 3390 quo
1332 3316 1399 3362 rer-

325 3442 344 3475 »
364 3409 502 3507 samur)
520 3407 672 3503 contigit.
691 3409 778 3480 ltem
791 3435 894 3507 quum
910 3405 1057 3507 Lucfir,
1078 3435 1136 3481 seu
1154 3408 1270 3481 Venus
1286 3405 1320 3495 ³,
1336 3404 1400 3480 ori·

355 3607 365 3637 ¹
384 3603 454 3657 Vide
467 3604 565 3658 Lurcan.
575 3603 620 3658 lib.
633 3603 685 3669 IV,
698 3621 765 3656 vers
779 3603 845 3656 52³:

358 3696 370 3726 ²
387 3695 492 3750 Scilicet
503 3711 552 3748 xxr
561 3697 665 3750 circiter
676 3693 809 3750 Octobris

355 3784 367 3818 ³
384 3786 436 3838 vix
447 3783 510 3837 milri
524 3797 600 3854 poeta
610 3786 748 3840 videretur
756 3785 823 3839 adeo
831 3786 919 3840 stricte
931 3785 1137 3857 intelligendus,
1152 3788 1222 3842 utad
1235 3789 1315 3859 liujus
1324 3787 1398 3844 stelit

324 3879 413 3922 ortum
425 3869 596 3937 specta'veriu
610 3866 740 3937 siquidem
754 3867 849 3936 passim
863 3869 979 3936 Luciferi
989 3871 1099 3925 nomine
1115 3877 1194 3934 dien,
1212 3872 1304 3926 solisve
1317 3872 1398 3927 lucem

322 3948 351 4003 in
365 3967 462 4018 genere
474 3946 596 4017 indigitat
619 3949 732 4014 Noster,
753 3967 810 4000 non
825 3969 899 4003 secus
911 3971 941 4006 ac
958 3951 1000 4020 alii
1019 3965 1111 4023 poete.
1124 3955 1180 4008 Nec
1192 3956 1272 4007 etiam
1284 3957 1312 4009 iu
1328 3964 1399 4009 tanto

320 4034 394 4088 luctu
405 4033 492 4098 domi,
501 4032 554 4086 suls
563 4044 590 4087 et
600 4035 689 4088 amicis
699 4033 847 4088 valedicens
856 4036 934 4090 aliter
943 4039 1040 4108 potuit,
1047 4059 1130 4109 quem
1140 4039 1204 4093 locis
1216 4039 1301 4094 dteive
1308 4049 1395 4093 exortu

321 4115 440 4182 novisse,
457 4113 573 4168 Luciferi
593 4135 640 4169 seu
658 4113 772 4168 Veneris
793 4115 896 4173 stellam
917 4117 997 4174 iuism
1017 4121 1072 4187 iam
1092 4131 1218 4175 exortam.
1236 4121 1293 4176 Suo
1310 4133 1395 4176 tumen

320 4199 500 4270 unusquisque
514 4199 620 4254 fruatur
632 4200 748 4274 judie-im
760 4219 846 4269 quum
855 4201 883 4259 id
893 4203 969 4272 parvi
978 4205 1012 4260 sit
1022 4205 1073 4261 hac
1085 4208 1113 4261 iu
1128 4227 1157 4262 ee
1170 4208 1310 4262 momenti.
