3017 5000
319 517 362 587 ,ο
610 497 650 561 r.
683 493 865 564 ovrurr
890 491 1119 564 ussurus

485 633 604 688 Pleiades
614 645 675 688 ante
689 653 762 706 genu
773 645 877 706 septem
888 634 993 690 radiare
1004 636 1144 704 seruntur,

485 727 538 782 Sex
551 738 656 783 tantum
669 739 797 798 apparent
809 749 815 783 :
825 730 875 784 sub
886 747 968 800 opaca
975 731 1088 801 septima
1098 731 1170 800 nube
1183 741 1232 787 est

678 829 815 896 Psonus,
834 828 864 883 in
884 832 1011 900 Georgica
1031 834 1147 900 qu‘lir',
1164 831 1194 886 in
1209 831 1285 900 cujus
1299 831 1415 904 vulgatis

721 911 794 966 libris
805 911 834 966 bi
850 931 940 970 versus
951 912 1161 984 depravatissimi
1170 914 1303 986 teguntur.

320 1053 361 1124 In
388 1047 551 1150 Priapeiis
578 1047 729 1149 quaedam
748 1046 865 1124 Ovidii
888 1049 982 1147 (vid.
996 1036 1089 1124 Bart.
1108 1052 1150 1127 ad
1173 1051 1340 1138 Statium,
1364 1053 1410 1138 Ι,

320 1175 430 1250 Theb.
457 1176 555 1275 229)
583 1191 727 1262 exstare,
753 1173 875 1247 eruditi
894 1173 1110 1250 arbitrantur.
1135 1177 1188 1249 Ex
1207 1173 1267 1250 illo
1290 1193 1410 1263 certe,

323 1293 418 1399 cujus
436 1300 592 1385 initium,
625 1297 766 1373 Obscura
776 1313 918 1396 poteram
936 1298 1120 1386 tibidicere,
1146 1301 1270 1374 Seneca
1287 1315 1409 1401 pater,

323 1421 384 1496 lib.
402 1423 438 1510 I,
468 1424 680 1496 Controvers.
708 1447 730 1492 2
745 1477 754 1509 ,
768 1421 860 1494 hunc
876 1449 1009 1496 versum
1026 1422 1187 1517 adducita

524 1588 600 1642 nm
613 1587 1084 1659 umrarrsssnuamtnepaus.

326 1715 470 1807 Servius,
482 1717 517 1791 in
528 1717 651 1812 Georg.
666 1717 726 1804 lv,
736 1715 795 1790 ubi
804 1714 874 1812 agit
885 1715 926 1789 de
937 1717 1118 1819 Eurydice,
1128 1718 1209 1792 citat
1218 1745 1258 1794 ex
1272 1719 1413 1810 Ouidio,

587 1873 632 1929 Bis
643 1875 761 1945 rapitur,
775 1873 891 1945 vixitque
902 1875 1003 1944 semel,

328 2006 419 2108 quod
437 2005 472 2078 in
489 2021 623 2080 auctore
639 2003 758 2078 nostrii
774 2032 863 2078 nuuc
879 2033 1048 2107 nusquam
1063 2025 1242 2110 comparet

377 2128 580 2206 scholiastes
595 2146 690 2202 vetus
707 2129 842 2208 Horatii
859 2129 902 2204 ad
917 2129 977 2204 lib.
1001 2133 1055 2219 Il,
1079 2133 1153 2207 Od.
1171 2132 1193 2204 5
1213 2163 1221 2206 ε
1249 2167 1267 2199 a
1293 2133 1415 2236 Gyges

328 2284 451 2329 numen
468 2253 562 2356 pueri
583 2281 621 2326 ex
639 2252 750 2328 insula
769 2253 878 2328 Cnido
896 2257 1019 2330 Vmeri
1041 2281 1153 2346 sacra3
1179 2256 1280 2357 hujus
1297 2276 1414 2334 autem

329 2379 424 2494 pueri
439 2377 722 2480 pulchritudinem
740 2377 855 2452 laudat
867 2379 966 2453 etiam
980 2381 1134 2457 Ovidius.
1151 2415 1170 2446 »
1183 2381 1290 2484 Atqui
1300 2382 1336 2456 in
1348 2383 1411 2474 iis,

332 2532 404 2606 quae
421 2521 566 2589 exstant,
584 2503 696 2577 laudat
712 2502 845 2577 nullibi.

382 2626 632 2725 Quintilianus,
650 2626 710 2701 lib.
726 2630 811 2717 ΧΠ,
823 2656 895 2729 cap.
915 2655 959 2702 ro
974 2658 983 2701 ε
999 2662 1017 2694 «
1034 2628 1100 2703 sed
1111 2647 1310 2704 evanescunt
1320 2630 1411 2721 buc,

332 2770 431 2854 atque
450 2752 658 2827 emoriuntur
678 2751 926 2854 comparatione
944 2750 1140 2840 meliorum,
1158 2771 1199 2827 ut
1215 2752 1289 2827 lana
1307 2753 1413 2828 tincta

332 2876 411 2951 luco
428 2876 510 2950 citra
527 2903 710 2977 purpuram
729 2873 837 2976 placet
852 2893 911 2949 :at
926 2876 956 2950 si
973 2873 1154 2950 contuleris
1168 2904 1240 2950 carn
1251 2874 1411 2966 lacerna,

334 3018 514 3100 conspectu
528 2998 675 3074 melioris
692 3000 871 3088 obruatur,
887 3016 927 3072 ut
938 2999 1082 3074 Ovidius
1095 3000 1151 3074 ait.
1171 3033 1190 3066 »
1218 3002 1305 3097 Qua
1314 2998 1414 3075 nullo

334 3123 470 3220 negotio
487 3124 522 3196 in
539 3141 681 3198 metrum
698 3123 830 3200 redacta
845 3124 993 3200 iambum
1008 3124 1171 3221 tragicum
1188 3124 1353 3214 efficient,
1378 3142 1415 3198 et

337 3248 423 3323 duos
435 3244 729 3347 hendecasyllabos
745 3276 753 3319 :

605 3414 646 3469 Ut
656 3412 716 3468 lana
728 3413 811 3468 tincta
821 3432 968 3484 purpuram
976 3414 1041 3469 citra
1050 3414 1150 3485 placet:

604 3506 643 3561 At
654 3507 675 3560 si
689 3506 833 3561 contuleris
843 3525 903 3560 eam
914 3505 1043 3575 lacerum,

601 3596 754 3669 Conspectu
767 3598 884 3652 melioria
897 3598 1031 3653 obruatur.

337 3727 377 3798 ln
394 3724 494 3798 Notis
512 3722 601 3798 enim
622 3721 665 3796 ad
688 3723 797 3824 Epist.
820 3750 858 3824 7,
877 3752 1088 3798 communem
1108 3750 1178 3797 esse
1202 3720 1355 3796 ultimam
1379 3723 1417 3797 in

337 3848 512 3934 contuleris,
538 3841 677 3933 dederis,
703 3844 881 3935 credideris,
911 3862 945 3921 et
967 3843 1135 3921 similibus
1161 3844 1322 3947 syllabam
1342 3874 1418 3921 mo-

335 4000 463 4047 nemus.
546 4018 550 4025 ·

386 4100 531 4185 Seneca,
552 4096 763 4171 Controvers.
790 4122 855 4185 10,
874 4122 915 4171 ex
938 4092 1175 4195 declamatione
1195 4091 1309 4168 Ovidii
1331 4120 1417 4195 qua-

338 4223 412 4299 dam
428 4221 498 4298 bec
516 4220 696 4323 producit:
715 4254 733 4289 o
750 4219 923 4323 Quicquid
935 4216 1065 4295 laboris
1078 4234 1145 4309 cst,
1160 4217 1198 4292 in
1210 4216 1278 4290 hoc
1291 4232 1363 4305 est,
1378 4231 1420 4291 ut
