3017 5000
404 467 470 535 nr
495 466 875 537 rnnrnrronss.
1113 449 1178 536 2'ss

119 633 235 683 sacrum
253 605 339 681 illud
355 608 533 682 Musarum
548 607 768 682 diversorium
784 623 952 709 repetens,
967 606 1002 679 in
1019 606 1183 681 Heroidas

119 724 183 801 illas
200 724 384 801 Ovidianas
400 725 486 799 forte
505 725 618 799 incidi.
640 726 698 797 Dii
712 726 797 799 boni
811 754 911 827 quam
921 724 1098 828 multiplici
1110 753 1185 799 eru-

119 838 234 913 ditione
260 836 416 929 refertas,
435 866 535 940 quant
557 836 773 941 lepidissimis
798 837 924 913 salibus
946 840 1183 914 concinnatas!

121 955 247 1029 «Omne
262 954 341 1029 tulit
353 972 535 1057 punctum,
546 972 586 1029 ut
596 954 706 1056 inquit
716 954 855 1034 Flaccus
865 1012 875 1045 ,
887 953 946 1055 qni
958 955 1093 1029 miscuit
1104 954 1185 1029 utile

119 1068 207 1143 dulci.
226 1102 244 1136 »
266 1070 371 1166 Quod
385 1070 522 1171 quidem
538 1086 597 1145 aut
613 1096 730 1160 nemo,
753 1088 909 1174 utputo,
928 1088 986 1145 ant
1000 1088 1114 1157 noster
1131 1070 1187 1143 bic

119 1188 196 1261 Naso
209 1204 263 1261 est
275 1187 453 1262 adsecutus
466 1218 474 1261 :
486 1188 544 1289 qui
552 1189 599 1262 ita
610 1188 693 1262 seria
703 1186 837 1263 mellitis
845 1188 1024 1284 figmentis,
1030 1187 1197 1283 figmenta

119 1301 201 1377 seriis
224 1303 361 1393 miscet,
379 1321 415 1377 ut
440 1303 522 1379 satis
548 1306 690 1393 nescias,
709 1302 828 1405 plusne
853 1303 1028 1394 utilitatis,
1047 1322 1104 1379 aut
1127 1333 1184 1377 vo-

40 1434 41 1437 ’
119 1414 245 1517 luptatis
263 1448 332 1519 prae
350 1446 385 1495 se
409 1420 505 1501 serat.
533 1420 638 1519 Quod
660 1450 766 1523 quum
791 1448 1034 1522 nonnunquam
1057 1418 1187 1515 egregie

119 1527 239 1617 lecerit,
265 1534 301 1605 in
327 1533 493 1633 Epistolis
519 1534 701 1635 prasertim
719 1532 882 1629 singulari
911 1533 1056 1635 quodam
1083 1531 1186 1609 modo

40 1742 41 1753 ἵ
119 1647 190 1722 nihi
205 1648 323 1725 fecisse
340 1650 507 1727 videtnrz.
525 1710 533 1725 .
552 1708 559 1723 .
577 1710 585 1726 .

503 1825 790 1851 mum

330 1944 588 2031 JOANNIS
617 1946 969 2034 PASSERATII

461 2132 829 2192 rfflrnrtuncunn

172 2282 216 2348 m
243 2280 399 2349 ov1n11
423 2280 827 2351 consumatorem
852 2284 1124 2353 nortvinus
1200 2258 1207 2273 '

162 2506 190 2522 ..
207 2507 255 2524 ...
274 2452 520 2524 luvetnnnvt't
545 2431 684 2552 opinio,
701 2449 860 2553 vulgique
876 2451 962 2526 sama
978 2450 1188 2555 percrebuit,

119 2564 270 2639 Ovidium
289 2593 359 2643 csse
376 2594 444 2639 non
459 2565 572 2641 multa
588 2568 766 2655 doctrinae,
785 2567 989 2672 humilisque
1000 2589 1034 2646 et
1046 2572 1187 2644 nimium

119 2675 310 2755 luxuriantis
321 2679 417 2781 styli,
432 2697 532 2780 atque
545 2681 660 2770 etiam,
675 2683 704 2756 si
717 2684 792 2758 biis
807 2683 934 2786 placet,
949 2684 1057 2758 latina
1069 2684 1190 2781 linguae

119 2793 306 2893 elegantiam
323 2797 533 2900 nitoremque
551 2799 586 2871 in
602 2827 643 2874 eo
659 2802 786 2902 requiri
804 2833 811 2875 ε
829 2801 911 2901 adeo
930 2820 969 2876 ut
989 2801 1095 2878 Italus
1112 2805 1188 2904 qui·

120 2913 187 2988 dam
199 2915 249 2991 vel
261 2917 325 2990 bac
335 2945 370 2991 re
383 2917 537 3017 inprimis
550 2917 696 3006 nobilis,
710 2949 814 3020 marn
826 2919 1192 3010 humanioribusliteris
1241 2977 1244 2986 -

120 3032 247 3106 unicum
265 3051 401 3129 gnatum
420 3032 600 3120 imbueret,
618 3028 675 3109 illa
692 3037 778 3109 miro
794 3035 933 3111 artificio
947 3055 1103 3111 contexta
1122 3067 1190 3111 otu·

120 3159 186 3220 ota
202 3163 252 3220 ter
264 3148 394 3248 qumque
410 3149 692 3248 volutmnofhrmoe
704 3149 738 3222 in
752 3148 896 3250 patrium
912 3178 1095 3238 sermonem
1107 3181 1191 3226 con-

120 3263 264 3350 verterit,
290 3291 356 3352 ne,
382 3263 410 3336 si
427 3262 528 3338 latine
554 3262 697 3361 legeret,
724 3293 763 3340 ex
788 3265 902 3341 Ovidii
923 3266 1057 3367 scriptis
1076 3267 1192 3341 sordes

121 3396 150 3452 et
164 3377 351 3453 barbariem
369 3377 539 3474 colligeret
554 3381 651 3456 beata
664 3383 759 3484 pueri
772 3411 873 3471 vena,
893 3411 965 3484 quae
981 3383 1131 3481 jamtum
1149 3381 1193 3455 ad

121 3495 301 3597 exemplum
315 3495 467 3570 Maronis
477 3498 691 3597 properabat,
703 3517 742 3572 nt
752 3497 904 3600 plerique
914 3497 1072 3572 italorum
1084 3524 1192 3600 prope

120 3611 158 3686 ab
175 3612 402 3700 incunabulis,
423 3613 505 3686 meri
524 3614 669 3688 existunt
684 3614 810 3713 judicio
829 3643 891 3690 suo
909 3617 1076 3688 Marones.
1096 3615 1193 3688 Deli·

121 3731 182 3806 cias
194 3731 361 3806 hominis!
382 3757 464 3831 quas
479 3759 521 3804 an
536 3759 616 3824 gens
633 3760 690 3804 sua
707 3732 820 3805 u'serit
836 3731 968 3815 nescio,
983 3733 1100 3806 Musas
1113 3759 1192 3832 pro·

121 3847 204 3923 lecto
221 3851 332 3953 ipsas,
358 3846 542 3949 quamlibet
566 3875 654 3921 nunc
673 3846 806 3932 tristes,
837 3847 982 3921 arbitror
999 3847 1103 3921 risum
1126 3875 1195 3920 non

125 3964 266 4038 tenuisse
281 3965 316 4038 in
336 3981 400 4038 tam
417 3961 557 4037 delicato
576 3981 609 4036 et
631 3962 810 4063 sybaritico
827 3961 962 4036 fastidio
965 4017 1026 4034 .....
1056 3962 1196 4036 Levabit

125 4082 240 4158 melius
254 4080 482 4176 egritudinem
500 4097 666 4168 nostram,
696 4107 913 4179 quacumque
928 4105 967 4150 ex
986 4076 1130 4179 publicis
1144 4075 1197 4150 vel

125 4196 258 4297 privatis
279 4197 374 4273 malis
392 4197 585 4292 continget,
601 4194 706 4296 isqui
724 4185 826 4270 Liria
842 4222 1016 4270 merorem
1031 4211 1096 4268 tam
1108 4193 1196 4270 bene
