3017 5000
316 416 383 483 206
645 418 685 481 P.
716 416 898 487 ovtnn
929 416 1070 484 VITA

316 555 513 657 tandemque
534 553 781 631 Smnotltreciun
797 554 895 656 petiit
908 554 1061 631 insulam.
1074 557 1156 636 lieo
1167 557 1310 659 ipsemet
1321 588 1405 657 gra-

314 675 412 777 phice
438 674 564 775 pingit,
582 674 685 748 Trist.
715 673 774 747 lib.
800 678 839 762 1,
856 673 951 769 Eleg.
972 694 1030 763 tx,
1051 676 1110 757 ubi
1136 676 1179 753 de
1198 680 1298 768 navi,
1328 709 1408 781 qnae

203 786 208 793 ’
318 789 521 868 Cortietdiocis
530 791 666 890 pninmn
682 790 743 864 sibi
755 793 874 891 cogm'to
890 789 1059 879 Crucini,
1080 792 1147 881 ait,
1162 822 1209 870 rs.
1235 793 1352 873 1540
1368 826 1378 869 ι

481 939 551 1010 Qua
564 938 643 997 simul
654 943 746 999 Mic
756 960 827 998 maer
835 960 881 997 me
894 941 1003 997 dederit
1015 943 1044 999 in
1054 946 1162 1008 laeua,

516 1032 552 1085 Et
565 1032 674 1103 longum
689 1033 765 1087 tenui
778 1033 862 1087 limite
873 1032 935 1088 iecit
946 1033 1014 1097 iter3

479 1123 612 1177 Fleuimus
624 1124 651 1177 in
664 1124 759 1179 lerum
771 1144 879 1191 cursus,
892 1135 919 1179 et
930 1124 963 1178 ab
975 1127 1091 1181 Hectoris
1103 1130 1112 1159 ¹
1125 1128 1190 1181 urbe

516 1214 650 1269 Venimus
661 1214 693 1267 ad
707 1225 817 1284 portus,
830 1217 925 1268 Imbria
937 1225 1023 1283 terra,
1037 1227 1103 1270 tuos.

482 1306 549 1361 inde
564 1306 614 1359 levi
638 1318 720 1360 rento
731 1308 865 1361 Zen'nliia
876 1308 889 1341 ⁸
899 1310 976 1360 istm
990 1318 1082 1372 nacta,

521 1401 663 1453 Thnim'am
674 1398 760 1467 tetigit
771 1397 838 1453 sessu
847 1398 937 1453 narina
948 1400 1052 1460 Sanos.

315 1518 370 1591 Ab
387 1517 450 1589 bac
467 1516 586 1591 deinde
605 1514 714 1589 insula
729 1514 947 1589 Samothracia
958 1517 1083 1591 Noster
1095 1542 1171 1589 cum
1182 1527 1268 1591 nora
1281 1544 1405 1593 rursus

314 1636 390 1709 navi
419 1634 565 1709 Timuit
590 1631 689 1709 litoru
708 1633 859 1735 adpulit,
887 1652 922 1709 et
941 1653 1059 1737 postea
1085 1634 1230 1735 pedibus
1254 1636 1318 1709 iter
1337 1664 1406 1737 per

315 1754 475 1829 Bistonios
484 1751 497 1841 ,'
510 1754 609 1828 istius
621 1753 771 1849 regionis
779 1753 948 1855 populos,
961 1754 1050 1829 lecit.
1067 1753 1196 1830 ibidem
1210 1754 1299 1829 enim
1315 1756 1404 1829 sub-

316 1871 444 1968 jungit,
462 1899 545 1943 vers.
564 1868 699 1943 21·2d:

483 2018 571 2073 Saltus
583 2020 615 2073 ab
629 2022 679 2073 iac
689 2027 758 2073 term
767 2020 855 2074 brevis
864 2028 904 2074 est
919 2022 1046 2092 Tempyra
1054 2020 1173 2089 petenti:

514 2111 726 2169 Herdonium
739 2122 812 2167 mss
823 2121 862 2166 est
873 2111 916 2166 illa
928 2110 1021 2179 (navis
1032 2112 1064 2179 s)
1077 2122 1167 2169 secute
1177 2128 1263 2168 suum

479 2204 549 2259 Nam
560 2201 627 2257 mibi
639 2206 773 2259 Biannos
786 2202 884 2275 placuit
896 2202 965 2275 pede
978 2222 1086 2274 carpere
1099 2222 1210 2269 campas.
1241 2277 1244 2282 ⁴

316 2324 471 2427 Tempyra
494 2350 634 2426 nempe,
655 2340 761 2425 prout
776 2351 816 2397 ex
840 2321 970 2423 aliquot
988 2323 1086 2397 etiam
1103 2319 1277 2395 codicibus
1304 2320 1403 2395 MSS

314 2436 507 2534 legendum,
524 2435 618 2512 locus
634 2455 703 2514 erat
720 2436 762 2511 ad
780 2435 928 2512 Thracia
945 2434 1047 2522 lituo,
1071 2452 1109 2510 ut
1129 2434 1181 2510 vel
1200 2433 1287 2509 Livii
1298 2432 1402 2510 locus

315 2559 415 2632 modo
425 2558 590 2646 iudicatus
601 2557 741 2658 probat:
753 2589 770 2620 «
782 2556 881 2643 inde,
893 2555 958 2642 ait,
971 2552 1258 2640 AEniorumlines,
1273 2570 1404 2654 praeter

348 2759 492 2812 'Pessime
517 2757 641 2826 Ciosanrs
660 2755 821 2827 legendum,
840 2759 874 2810 ab
886 2757 994 2811 Actoris
1009 2759 1084 2819 urbe,
1109 2767 1215 2822 censet,
1235 2775 1320 2826 quum
1340 2755 1402 2812 hoc
1423 2760 1431 2774 '

313 2843 430 2898 fueritin
444 2847 518 2898 Elea
529 2844 602 2910 urbs,
613 2854 639 2897 at
650 2843 691 2896 illa
711 2842 834 2896 debuerit
846 2840 878 2894 ad
893 2841 1015 2912 AEgseum
1027 2861 1102 2896 mare
1114 2852 1200 2904 stare,
1214 2843 1282 2895 sieut
1294 2861 1326 2895 ex
1338 2851 1402 2895 toto

313 2937 398 2998 poete
411 2937 535 2982 contestu
546 2925 646 2996 liquido
657 2937 742 2997 patet;
753 2944 892 2995 quumque
901 2926 1048 2982 absurdum
1059 2927 1091 2980 tit
1100 2946 1162 2981 eum
1175 2925 1285 2996 Caesareo
1292 2925 1401 2990 dicere,

314 3011 441 3065 Ovidium
454 3032 468 3064 a
479 3012 539 3066 sinu
552 3010 724 3067 Corinthiaco
735 3023 831 3082 praeter
841 3011 1058 3082 Peloponnesum
1067 3015 1211 3086 navigasse,
1222 3012 1267 3068 ubi
1274 3033 1333 3084 sup.
1346 3034 1402 3070 rso·

314 3097 433 3150 lavimus.
448 3097 500 3150 lsta
512 3115 576 3150 vero
587 3099 705 3149 Hectoris
714 3101 774 3150 urbs
786 3094 892 3149 videtur
902 3097 996 3151 eadem
1009 3117 1039 3152 ac
1051 3099 1141 3157 litun.
1161 3099 1236 3168 cujus
1247 3098 1289 3151 ille
1302 3101 1399 3162 Deus,

312 3201 360 3236 seu
370 3183 445 3236 ieros
457 3187 530 3246 erat,
542 3182 611 3251 quod
630 3180 672 3234 vel
689 3181 871 3250 Atlteuagom
890 3182 967 3250 Apol.
987 3179 1082 3236 docet:
1101 3175 1157 3238 dii’
1174 3186 1238 3249 ipit
1254 3175 1326 3244 lteris
1339 3189 1402 3240 Orba

313 3251 400 3340 deripe
410 3271 477 3332 tepet.
495 3263 576 3318 Unde
588 3273 640 3330 est,
655 3262 726 3334 quod
746 3266 843 3318 Hector
858 3264 886 3320 in
898 3267 1029 3320 Iliensium
1049 3264 1167 3320 nummis
1180 3275 1401 3334 repr-senectae.

315 3346 386 3400 Alias
399 3367 481 3417 quum
493 3351 585 3410 Ilium,
599 3349 679 3401 etiam
691 3367 810 3412 novum,
824 3347 923 3416 aliquot
935 3347 1026 3402 stadiis
1037 3349 1069 3402 ab
1078 3367 1123 3401 ora
1135 3348 1268 3403 maritima
1279 3351 1402 3420 abesset,

313 3433 365 3488 (lici
376 3443 476 3504 potest,
493 3433 646 3504 Ophrymum
658 3431 701 3484 bic
712 3451 726 3483 a
740 3441 818 3501 poeta
831 3431 991 3485 subindicari
1003 3473 1010 3498 ,
1023 3430 1093 3505 quod
1108 3431 1140 3484 ad
1159 3451 1231 3486 mare
1249 3433 1351 3498 situm,
1373 3449 1402 3490 et

314 3517 358 3570 ubi
373 3528 427 3570 erat
441 3519 525 3570 Lucus
538 3517 657 3569 Hectoris
665 3521 693 3568 in
701 3521 757 3568 loco
766 3521 915 3583 consprituo,
933 3515 1172 3581 strab.t1b.xttt,
1185 3519 1315 3589 pag-889,
1329 3521 1401 3590 quin

315 3609 342 3650 et
355 3598 380 3650 in
394 3597 471 3666 buius
483 3595 573 3669 oppidi
586 3597 704 3650 nummis
717 3595 830 3649 babetur
842 3599 961 3651 Hecton's
971 3607 1058 3668 eaput.
1071 3595 1188 3666 Qualem
1201 3596 1317 3666 possidet
1332 3621 1400 3671 gara

313 3681 406 3734 illustr.
421 3679 535 3735 Comitis
548 3679 749 3745 Pembronbiae,
762 3691 810 3733 eto

348 3777 360 3806 ²
377 3775 482 3830 Scilicet
495 3775 570 3828 litora
581 3775 780 3835 Samothracam
793 3791 853 3842 qute
864 3772 901 3828 sic
914 3771 1071 3827 dicebantur
1085 3793 1100 3827 a
1111 3773 1235 3844 spelunca
1253 3773 1374 3843 quadarn
1387 3814 1397 3842 ,

314 3864 449 3914 lentitius
459 3861 583 3926 nomine,
597 3859 662 3913 eain
674 3859 759 3912 insula
769 3861 916 3919 Cair‘rorum
924 3861 1055 3932 mysteriis
1065 3871 1164 3914 sacrata
1178 3879 1184 3914 :
1195 3860 1256 3913 vide
1266 3861 1397 3916 Boeben.

314 3941 464 4011 Geograpb.
479 3941 550 3996 Sacr.
567 3951 633 4010 part
647 3941 690 4007 ll,
704 3941 747 3993 lib.
759 3955 790 4007 t,
805 3958 861 4012 nep.
881 3961 919 3994 es.
933 3940 973 3995 Ut
993 3941 1020 3994 in
1036 3961 1097 3995 vera
1116 3941 1195 4011 buius
1213 3941 1262 3996 loci
1275 3942 1395 4000 lectione

312 4023 413 4077 haerere
425 4023 495 4076 docti
503 4023 553 4076 viri
564 4041 620 4078 non
633 4022 782 4078 debuerint.
795 4023 871 4092 Quin
884 4035 911 4078 et
921 4024 949 4076 ih
962 4026 1093 4077 Morum
1103 4023 1202 4078 finibus
1212 4025 1322 4095 Apollo,
1334 4029 1394 4080 Ze-

311 4113 430 4164 rinthe'nin
438 4129 508 4179 quem
514 4113 717 4172 martirevim,
728 4109 857 4181 ternplum
869 4110 976 4176 babuit,
988 4121 1054 4164 teste
1064 4110 1156 4178 lirin,
1167 4106 1389 4178 tuxxxvttt,

312 4212 368 4261 cop.
381 4195 425 4258 ξι,
438 4193 513 4262 cujus
524 4192 611 4246 locum
623 4192 654 4248 el.
673 4192 801 4247 Heinsius
812 4194 841 4246 in
853 4194 923 4248 notis
934 4193 1041 4262 profert.
