3017 5000
330 450 400 543 ³7⁶
589 450 1152 541 N0T1T1Anrranan1a

379 594 427 660 II.
445 592 587 661 caman
597 594 841 685 Panegyricum
852 593 902 659 od
909 593 1122 686 Calpurniam
1129 592 1303 667 Pisum,
1319 588 1407 683 quod

330 704 465 771 Lucano
481 702 523 769 ab
539 702 612 769 aliis
624 701 802 769 tribuitur.
820 702 911 770 Vide
925 759 934 797 ,
952 704 1121 795 si'placet,
1142 726 1216 795 quse
1231 700 1407 769 dictasunt

332 817 369 881 in
382 814 490 881 Catal.
506 814 631 905 virgil:

378 941 444 1007 III.
460 939 581 1031 Elegio
594 939 636 1005 de
649 937 850 1022 Philomela,
868 942 939 1008 sive
953 939 996 1007 de
1008 939 1145 1007 vocibus
1159 942 1271 1006 avium
1284 961 1322 1005 ac
1333 962 1408 1031 qna·

331 1045 542 1139 drupedum,
562 1058 597 1112 et
609 1044 737 1129 verbis,
759 1046 968 1138 quihus¹illae
982 1045 1074 1139 aqud
1094 1046 1231 1113 Latinos
1247 1042 1407 1111 denotan-

331 1169 400 1224 tur.
423 1157 499 1223 Non
514 1153 650 1237 Ovidii,
668 1154 724 1221 sed
743 1158 950 1247 grammatici
965 1166 1139 1249 utcunque
1151 1157 1274 1223 veteris
1291 1154 1407 1222 Chris·

331 1264 414 1329 tiani
430 1286 499 1329 esse
515 1259 651 1329 videtur
669 1263 790 1330 Vossio
805 1262 867 1330 lib.
892 1265 909 1330 I
932 1263 974 1329 de
990 1266 1083 1331 vitiis
1098 1264 1281 1365 sermonis,
1298 1288 1317 1329 c
1355 1258 1407 1344 143

332 1385 366 1437 et
382 1374 435 1439 III
451 1369 494 1437 de
512 1370 723 1454 Idololatria,
749 1398 780 1440 c.
800 1371 859 1464 49.
876 1373 1002 1441 Confer
1017 1376 1062 1439 A.
1086 1371 1219 1441 schotti
1248 1369 1409 1439 Observa-

332 1482 440 1545 tiones
456 1482 624 1563 Poeticae,
649 1506 722 1573 cap.
745 1482 801 1549 52.
828 1481 900 1549 Sub
916 1480 1013 1549 Albii
1030 1482 1144 1552 Ovidii
1162 1483 1336 1551 Juvenoini
1355 1500 1409 1545 no-

333 1589 424 1652 mine
450 1584 559 1652 edidit
581 1585 777 1669 Goldastus,
805 1588 955 1671 subjecta
980 1590 1064 1655 Julii
1088 1590 1222 1682 Sperati
1248 1586 1353 1678 elegia
1371 1583 1408 1651 de

334 1691 534 1759 Philomela.
553 1696 606 1760 De
623 1691 743 1759 eodem
766 1707 962 1786 argumento
980 1694 1161 1762 diatribam
1173 1719 1208 1762 se
1229 1696 1406 1787 scripsisse,

334 1816 474 1870 testatus
497 1816 547 1871 est
570 1806 615 1871 ls.
642 1802 859 1872 Casaubonus
887 1803 930 1871 ad
955 1806 1167 1872 Antoninum
1191 1805 1314 1871 Getam
1340 1802 1409 1870 AElii

333 1914 524 2006 Spartiani,
542 1938 608 2006 qua
624 1937 702 2005 opes
714 1915 840 2006 graeciae
853 1915 889 1978 in
902 1914 1000 1997 hujus
1013 1916 1146 2005 generis
1160 1913 1333 1982 vocabulis
1343 1936 1409 1981 cnm

333 2035 532 2115 paupertate
545 2025 707 2089 sermonis
723 2022 822 2089 latini
835 2047 905 2090 non
918 2026 1066 2117 segniter
1078 2026 1127 2090 ait
1144 2048 1180 2090 se
1197 2040 1407 2115 comparasse:

334 2133 367 2199 H
370 2156 416 2198 aec
426 2131 614 2200 Gas'auboni
625 2130 772 2198 diatriba
784 2155 957 2225 nunquam
969 2133 1079 2200 lucem
1092 2132 1179 2200 vidit
1190 2131 1284 2226 quod
1292 2134 1407 2199 sciam:

335 2245 424 2309 sicut
438 2242 611 2309 intercidit
623 2242 852 2335 Theophrasti
867 2242 957 2311 liber
971 2250 1033 2329 περὶ
1048 2250 1215 2330 ἑτεροφωνίας
1224 2258 1276 2309 τῶν
1286 2249 1407 2327 apsyctos

337 2360 646 2431 commemoratus
666 2355 822 2436 Laertio,
838 2356 883 2437 V,
903 2355 993 2424 Sect.
1010 2355 1076 2441 43,
1097 2370 1131 2423 et
1148 2356 1331 2439 Athenaeo,
1348 2355 1406 2435 lx,-

335 2486 410 2555 pag.
434 2464 519 2556 3903
536 2460 595 2529 ubi
611 2484 650 2528 ex
664 2484 704 2528 eo
727 2461 852 2545 refert,
880 2459 1035 2555 perdices
1050 2463 1122 2531 aliis
1139 2466 1176 2532 in
1196 2463 1277 2531 locis
1293 2464 1408 2524 samti-

338 2587 411 2649 (aas,
427 2573 463 2638 in
485 2570 557 2637 aliis
572 2575 740 2647 τιττυὸἰζιιν.
761 2572 905 2637 Interim
920 2571 963 2638 de
985 2573 1124 2640 vocibus
1144 2572 1357 2654 animalium,
1381 2580 1410 2635 et

338 2681 381 2748 de
397 2680 526 2762 verbis,
551 2681 674 2774 quibus
696 2681 754 2748 ille
770 2680 860 2772 apud
877 2683 1012 2750 Graecos
1027 2685 1232 2778 Latinosque
1249 2683 1409 2778 appellan-

336 2803 395 2860 tur
415 2787 542 2856 consuli
567 2801 707 2880 possunt
731 2789 848 2856 Joach.
874 2791 1085 2858 Camerarius
1112 2795 1149 2858 in
1176 2789 1410 2859 commentariis

336 2901 519 2991 utriusque
541 2899 680 2990 linguae,
706 2923 782 2992 pag.
808 2903 870 2992 198
895 2925 966 2994 seq.
992 2902 1047 2968 Io.
1075 2905 1232 2969 Textoris
1251 2901 1405 2982 Officina,

338 3035 414 3106 pag.
441 3013 506 3078 280
529 3033 622 3102 seq.;
647 3009 758 3077 Andr.
777 3009 954 3094 Schottus,
981 3013 1029 3079 II.
1055 3015 1119 3099 5¹3
1143 3013 1408 3081 Observatllu·

338 3149 428 3191 man.
450 3120 559 3189 Julius
583 3121 692 3188 Ceasar
711 3119 916 3213 Bulengerus
937 3121 979 3189 de
1004 3127 1181 3192 venati0ne
1206 3125 1316 3208 Circi,
1342 3148 1404 3214 cap.

341 3257 405 3316 ao,
421 3255 495 3327 pag.
516 3230 560 3324 76
573 3255 644 3324 seq.
662 3229 797 3298 Samuel
820 3232 1003 3299 Bochartns
1023 3235 1057 3298 in
1077 3232 1194 3300 limine
1208 3233 1404 3313 Hieroaoici‚

341 3357 374 3414 ct
384 3343 482 3412 Frid.
493 3339 702 3410 Holmannus
717 3343 753 3408 in
768 3343 1040 3434 Epigrammatis,
1054 3367 1129 3436 pag.
1145 3346 1207 3412 158
1218 3369 1291 3437 seq.
1305 3345 1407 3413 Grau

341 3451 493 3546 quaedam
506 3449 549 3518 de
560 3449 700 3518 vocibus
714 3451 909 3518 animalium
923 3453 1082 3519 vocabula
1095 3451 1197 3520 habes
1210 3453 1301 3546 apud
1313 3455 1409 3522 casa-

192 3559 194 3564 ’
340 3565 431 3629 rium
447 3585 505 3653 qu.
535 3561 743 3642 LXXVIII,
769 3584 845 3653 pag.
866 3563 932 3627 218
958 3589 967 3628 z
992 3558 1096 3627 latina
1118 3558 1209 3653 apud
1233 3563 1408 3629 Ausonium

341 3673 458 3764 Epigr.
477 3672 638 3739 LXXVI.
659 3668 727 3738 Sed
747 3667 790 3735 de
814 3667 1003 3751 vocabulis,
1033 3669 1155 3760 quihus
1172 3670 1280 3737 Graeci
1305 3682 1337 3736 et
1352 3669 1408 3736 La·

341 3785 423 3850 tini¹
442 3804 536 3849 voces
549 3781 661 3846 avium
672 3791 705 3846 et
718 3778 862 3845 aliorum
872 3775 1064 3843 animalium
1078 3779 1284 3868 exprimunt,
1300 3790 1408 3870 prater

343 3905 419 3960 ante
435 3887 601 3970 laudatos,
622 3900 655 3954 et
669 3885 854 3980 Apuleium
869 3887 903 3951 in
923 3883 1071 3952 Floridis
1080 3935 1091 3968 ,
1109 3887 1326 3954 Vincentium
1340 3881 1407 3951 Bel·

343 4000 553 4069 lovacensem
573 3997 697 4077 XXII,
716 3995 760 4084 65
782 3995 920 4088 Speculi
943 3994 1103 4061 naturalis
1124 4019 1163 4061 ex
1184 3994 1272 4061 libro
1289 3995 1404 4085 Papiae,

377 4211 385 4241 ¹
405 4205 547 4263 chaldaica
559 4204 620 4262 vide
631 4205 660 4260 iu
672 4203 793 4275 'largum
803 4202 922 4260 meando
933 4203 993 4259 libri
1000 4201 1115 4270 Esther,
1130 4219 1187 4271 cap.
1204 4223 1215 4256 1
1231 4211 1259 4256 et
1270 4219 1293 4254 a.
