3017 5000
334 464 402 532 DE
430 465 470 530 P.
499 462 698 533 OVIDI'O
720 462 940 531 NASONE.
1107 465 1173 532 335

150 603 191 667 lle
200 604 301 665 Vetula
312 602 377 665 libri
394 605 451 664 ΙΙΙ.
465 603 745 665 Ladesta-Maio.
758 627 821 689 pag.
838 602 896 686 307
910 627 918 677 3
933 604 1096 679 fabricius,
1113 606 1132 665 Ι.
1151 628 1177 667 e.

118 703 193 765 Coni.
207 704 241 765 ed
258 726 328 765 ann.
344 702 432 787 1470.

597 808 683 893 1471.

149 943 402 1025 Metamorphoses.
425 942 550 1004 Veneriis
565 964 618 1025 per
633 942 774 1003 Iacobum
790 942 920 1003 Rubrum
942 946 1054 1004 notione
1079 940 1179 1004 Galli-
1259 935 1262 941 ⁵

118 1071 170 1109 eum
177 1094 187 1124 ,
202 1047 304 1111 in-Iol·
317 1083 357 1096 -
367 1050 459 1111 Denis
476 1048 577 1128 Suppl.
589 1072 652 1130 pag.
674 1046 711 1109 16
722 1072 730 1121 ;
741 1047 863 1126 Panzer‚
881 1062 953 1110 tom.
970 1051 1038 1125 ΙΙΙ,
1053 1072 1116 1137 pag.
1127 1073 1179 1136 9²·

151 1148 318 1210 Consolatio
327 1148 362 1209 ad
373 1148 502 1223 Liviam,
518 1171 583 1210 cum
596 1148 722 1210 Ausonii
744 1151 988 1234 Epigrammatum
1005 1152 1107 1227 libris,
1124 1160 1179 1213 et'c.

119 1249 245 1324 Venetir's,
262 1245 361 1310 in-lol.
379 1246 449 1307 min.
467 1270 490 1307 s.
507 1271 535 1308 n.
551 1260 671 1331 typogr.
694 1284 735 1297 -
755 1250 850 1310 Maio.
870 1252 989 1325 tomi,
1013 1273 1077 1336 pag·
1102 1248 1180 1325 3153

118 1346 226 1422 Proser,
244 1358 317 1409 tom.
335 1346 403 1419 ΙΙΙ,
421 1367 485 1429 pag.
508 1368 558 1431 9²·

601 1474 688 1563 1473.

153 1610 287 1691 Epistolae
314 1609 481 1683 Heroides,
501 1632 567 1671 cum
585 1610 667 1670 Junii
690 1609 837 1671 Iuvenalis
855 1609 972 1693 Satyris.
993 1611 1028 1670 ln
1044 1610 1100 1671 fine
1118 1610 1185 1672 He-

118 1711 220 1772 roidum
236 1733 243 1769 2
262 1738 276 1765 u
296 1709 425 1792 Explicit
435 1708 508 1771 liber
523 1708 621 1771 Ovidii
638 1706 843 1786 Epistularum.
867 1709 902 1767 ln
916 1706 1020 1769 Monte
1035 1711 1122 1794 regali
1134 1713 1184 1772 :in

117 1808 193 1887 plano
209 1808 286 1874 vatis.
303 1808 359 1868 Per
376 1806 673 1875 AntoniumKMathiae
691 1807 836 1889 quondam
857 1808 984 1871 Antreae
1002 1834 1009 1868 z
1033 1810 1068 1871 de
1089 1812 1185 1872 Antu-

119 1908 214 1986 uerpia.
246 1909 286 1967 Et
318 1906 486 1967 Baldisalem
523 1905 754 1989 Corderiumque
785 1906 906 1969 socium.
940 1908 1031 1971 Anno
1063 1911 1185 1972 Domini

120 2006 156 2065 M.
177 2004 297 2067 CCCC.
315 2004 447 2064 Lxxltl
461 2045 471 2076 ‚
487 2003 533 2063 die
544 2006 649 2065 xvttl
667 2004 772 2066 mensis
790 2005 972 2067 Februarii.»
996 2007 1097 2069 in-fol.
1112 2011 1186 2071 min.

120 2140 155 2153 -
169 2106 341 2180 Crevenna,
361 2116 433 2166 tem.
452 2105 499 2164 ΙΙΙ
511 2146 521 2179 ,
532 2124 688 2190 12250'2193
710 2106 836 2180 Purser,
853 2119 926 2167 tom.
941 2108 993 2180 ll,
1010 2129 1074 2191 pag.
1096 2107 1163 2185 146.

602 2233 690 2319 1474.

157 2370 276 2444 Veneta,
291 2370 318 2443 1,
330 2368 477 2447 Operum,
491 2367 578 2430 avol-
589 2366 684 2429 in-lol.
703 2370 738 2428 ln
747 2368 805 2428 fine
819 2389 853 2426 z«
867 2370 963 2453 Hujus
973 2390 1059 2451 opera
1070 2370 1183 2445 omnia,

121 2468 211 2532 Medea
233 2479 376 2548 excepta:
402 2479 431 2528 et
453 2467 617 2550 Triumpho
641 2466 762 2530 Caesaris
788 2490 795 2526 :
821 2479 850 2528 et
873 2464 972 2530 libello
991 2468 1043 2530 illo
1064 2466 1187 2532 Pontica

44 2599 45 2604 ¹
119 2568 380 2653 linguseomposito
398 2591 405 2626 z
424 2589 490 2650 quse
502 2565 610 2628 incuria
623 2578 787 2645 temporum
798 2569 964 2650 perierunt:
982 2566 1184 2631 Jacobusltu-

119 2668 179 2732 leus
191 2717 200 2748 ‚
211 2670 330 2731 natione
344 2666 485 2752 gallicus,
503 2667 709 2728 honestissimo
724 2667 796 2730 loeo
816 2682 898 2730 natus
918 2669 954 2730 ad
967 2669 1118 2732 utilitatem
1137 2670 1184 2733 vi-

119 2772 237 2834 rentium
256 2789 309 2830 nee
327 2790 388 2830 uon
402 2781 432 2828 et
442 2779 625 2846 posterorum
641 2767 794 2845 impressit.
814 2767 936 2829 Nicolao
954 2767 1092 2838 Marcello
1112 2768 1186 2830 duce

119 2870 217 2956 unqu
231 2869 425 2932 tenueram.
442 2870 484 2929 u.
497 2867 617 2929 cccc.
633 2868 771 2928 rxxrv.
790 2897 806 2923 .

243 3025 509 3082 CALPHURNII
535 3023 709 3077 CARMEN
735 3025 790 3076 ΑΙ)
815 3024 1050 3078 LECTOREM.

274 3167 385 3236 Perlege
402 3165 515 3220 Nasonis
526 3164 614 3221 divina
628 3175 751 3234 poemata
766 3165 850 3218 lector

305 3249 445 3303 Musarum
460 3249 504 3318 qui
517 3248 555 3302 vis
569 3246 686 3302 sontibus
697 3268 752 3301 esse
764 3266 845 3302 sacer.

272 3335 326 3391 Hic
337 3332 410 3388 dedit
422 3332 453 3386 ad
465 3332 581 3402 reliquos
591 3330 748 3400 compendia
758 3349 864 3384 summa
875 3341 965 3400 poetas

307 3419 382 3474 Invia
393 3419 438 3488 qui
449 3417 549 3488 primus
562 3437 610 3488 per
622 3416 676 3470 loca
687 3416 749 3469 ierit
761 3417 819 3469 iter.

276 3503 398 3574 Corpora
408 3512 451 3555 ter
461 3500 543 3570 quino
556 3509 656 3553 mutata
669 3498 803 3552 volumine
815 3499 906 3566 linxit,

307 3586 390 3640 Unde
402 3583 459 3638 lere
471 3594 510 3638 est
520 3584 607 3636 omnis
620 3581 707 3635 fabule
720 3592 783 3634 nota
795 3581 850 3634 tibi.

277 3669 508 3742 Alternoteneros
523 3666 570 3720 tibi
581 3667 698 3720 carmine
712 3665 773 3720 lusit
785 3685 906 3720 amores:

308 3752 470 3821 Sanavitque
483 3771 529 3805 sua
542 3751 655 3803 vulnera
664 3749 732 3804 lacta
747 3769 839 3803 manu.

279 3837 383 3892 Cosare
397 3835 494 3891 dehine
505 3836 565 3890 laeso
577 3835 691 3906 geticum
707 3835 839 3903 relegatus
848 3836 877 3888 in
890 3838 983 3892 orbern

310 3919 468 3990 Composuit
482 3921 592 3986 Fastes,
607 3919 741 3988 exsiliique
754 3920 874 3975 modum.

279 4006 333 4061 Sed
348 4006 475 4076 (lignenm,
499 4006 555 4060 hec
564 4006 669 4060 Veneta
681 4005 728 4076 qui
738 4005 844 4076 gallicus
856 4007 921 4062 urbe
932 4009 1043 4078 iaetus

313 4093 466 4162 Impressit,
482 4091 557 4144 mirre
569 4089 688 4146 condidit
700 4090 762 4144 artis
775 4111 849 4160 opus

158 4209 279 4280 Pontes,
295 4218 369 4266 tom.
386 4206 531 4289 lll.,pag.
552 4199 618 4274 104.
683 4221 686 4231 ·

204 4375 208 4388 .
235 4319 348 4386 VIII.
714 4381 717 4388 ,
893 4327 898 4340 “
971 4323 1014 4386 25
