3017 5000
39 352 40 391 t

39 412 41 443 t

403 498 405 501 .
447 444 542 511 PElt
567 447 601 512 J.
627 440 856 515 MASSON.
1123 471 1191 541 ²¹9

122 618 138 649 ιι
155 582 219 672 ait,
234 582 318 657 mihi
331 583 494 685 statuique
504 612 594 671 meo,
607 586 695 661 inter
706 586 894 687 precipuos
909 586 1006 661 (lonis
1015 586 1195 662 edomitos

39 696 40 701 ’
122 730 137 761 u
154 698 261 785 siros,
289 699 444 773 comitari
470 700 621 795 contigit.
649 732 667 765 ³>
701 701 885 774 Suetonius
908 700 1024 774 itidem
1050 701 1192 775 scribit:

39 832 40 855 ³
121 846 137 877 α
156 812 190 885 T
186 813 312 887 ibenium
341 814 579 917 initmpltnntene
607 833 806 917 prosecutos
827 844 892 889 esse
917 817 1016 890 etiam
1041 816 1194 911 legatos,

39 982 40 1033 3
124 958 139 990 υ
157 926 289 1027 quibus
305 927 518 1029 triumphalia
534 948 728 1004 ornamenta
745 930 948 1031 impetrarat.
967 966 985 997 »

165 1049 209 1120 V.
236 1046 336 1120 Unde
362 1046 481 1135 simul,
501 1066 540 1123 ut
560 1048 626 1123 boe
662 1048 840 1139 addamus,
864 1049 1100 1148 intelliguntur
1121 1077 1195 1149 quae
1249 1080 1253 1088 ·

39 1206 40 1233 ;
118 1163 235 1236 Noster
261 1164 435 1239 Messalino
461 1164 601 1254 scribit,
622 1166 733 1266 Epist.
764 1186 814 1253 ιι,
840 1169 992 1241 eumdem
1008 1192 1195 1240 memorans

39 1304 40 1309 ¹
118 1278 342 1381 triumphum,
363 1310 449 1357 vers.
465 1280 602 1375 tte-84:

278 1430 336 1500 lpse
347 1430 509 1499 (Tiberius)
523 1448 603 1499 super
614 1448 725 1487 currum
737 1429 841 1500 placido
853 1428 999 1500 spectabilis
1010 1446 1058 1484 ore

313 1522 449 1593 Tempora
461 1522 578 1579 Phoebea
589 1522 691 1593 uirgine
703 1542 770 1579 nexa
781 1521 849 1577 tulit.

279 1615 372 1684 Quem
378 1620 426 1683 pia
437 1629 581 1668 vouuscun
588 1618 675 1682 proles
686 1614 822 1667 comitavit
834 1624 962 1680 euntem,

309 1706 399 1777 Digna
412 1716 522 1777 parente
534 1724 596 1772 suo,
608 1706 815 1775 nominibusque
827 1705 912 1771 datis,
929 1716 979 1759 etc.

116 1824 314 1901 Messalinus
330 1851 448 1925 nempe
464 1852 504 1899 ex
521 1821 590 1898 illis
609 1842 680 1899 erat
696 1822 836 1921 legatis,
855 1824 980 1924 quibus
1000 1843 1193 1899 ornamenta

119 1943 326 2046 uiumpbolia
353 1944 446 2017 suere
465 1942 563 2031 data,
583 1943 628 2017 ob
652 1944 758 2017 resin
779 1941 870 2015 bello
887 1942 1020 2043 Illyrico
1038 1941 1193 2043 preclare

119 2076 237 2152 gestos,
255 2075 297 2131 ut
318 2057 516 2131 nominatim
542 2055 689 2131 Velleius
711 2066 719 2095 ¹
742 2055 782 2131 de
801 2057 876 2158 ipso
903 2073 1044 2131 testetur
1067 2059 1194 2131 Messa-

119 2174 196 2262 liuo;
216 2175 343 2279 quique
359 2176 443 2250 adeo
460 2175 634 2248 Tiberium
652 2176 686 2249 in
703 2202 826 2277 pompa
839 2172 1033 2277 triumphali
1046 2184 1059 2213 ²
1073 2188 1192 2248 euntem

39 2356 40 2359 ,
120 2292 273 2366 comitant.
288 2292 389 2364 Hunc
401 2290 513 2392 ipsum
525 2290 691 2364 bonorem
704 2291 815 2366 adbuc
828 2290 938 2386 tangit
950 2318 1000 2363 vs.
1015 2316 1058 2390 91
1077 2308 1111 2365 et
1124 2316 1193 2390 92:

276 2440 360 2495 Hunc
371 2437 451 2508 eolis,
465 2450 526 2493 note
540 2438 612 2495 diem
625 2456 766 2512 perquem
778 2439 885 2495 decreta
897 2439 1030 2507 merenti,

313 2533 397 2590 Venit
408 2533 545 2588 honoratis
556 2537 645 2588 laurea
656 2533 737 2604 digna
746 2535 836 2590 comis.

117 2651 167 2725 Sic
182 2653 339 2728 nimirum
359 2653 438 2748 legit
458 2651 500 2728 el.
525 2653 598 2726 Nic.
617 2653 797 2741 Heinsius,
823 2653 971 2754 priorem
997 2678 1129 2729 versum
1151 2649 1193 2724 de

117 2769 246 2844 'libetis
259 2769 468 2866 intelligens,
488 2769 547 2872 qni
567 2771 753 2845 Messalino
772 2769 917 2845 lauream
935 2769 1116 2845 antediem
1137 2768 1193 2842 ‹le-

118 2886 256 2962 nevetit.
273 2889 401 2962 Verum
416 2886 548 2978 malim,
568 2915 672 2989 quum
692 2888 824 2963 codices
851 2889 933 2963 vatii
950 2889 1034 2978 sint,
1053 2889 1093 2964 de
1116 2887 1192 2991 ipso

118 3005 266 3100 Augusto
279 3003 392 3079 locum
405 3003 608 3102 intelligere,
625 3033 819 3108 perquem,
834 3032 903 3079 non
921 3032 1001 3081 vero
1013 3033 1073 3107 per
1088 3006 1194 3080 Tibe·

119 3120 218 3211 tium,
235 3147 297 3198 eeu
312 3149 476 3198 sommum
491 3149 603 3197 rerum
622 3139 791 3218 gerentem
808 3121 919 3198 laureo
938 3123 973 3197 S.
993 3123 1194 3222 Ceducibus

121 3238 239 3316 decreta
254 3259 315 3316 est.
331 3241 461 3318 Idcirco
479 3241 526 3316 sic
542 3241 657 3342 potius
669 3241 773 3317 istum
786 3240 930 3338 legerem
943 3241 1143 3317 versiculum
1159 3272 1168 3314 τ

280 3390 363 3444 Hunc
373 3390 437 3446 colis
447 3400 509 3446 ante
522 3388 630 3458 Duum,
644 3407 785 3462 perquem
798 3389 905 3446 temo
917 3391 1034 3445 memmi

309 3482 410 3551 Venit,
427 3493 478 3537 etc·

150 3623 158 3652 ¹
175 3622 229 3676 Lib.
242 3624 270 3678 ll
280 3663 288 3690 ,
300 3643 357 3694 cap.
373 3645 428 3678 ιιι.

149 3713 162 3743 ²
178 3711 259 3782 Cujus
271 3715 341 3770 vocis
352 3715 411 3770 loco
421 3715 491 3770 male
507 3717 538 3770 el.
556 3715 614 3773 Nic,
634 3716 763 3772 Heinsius
783 3729 898 3773 ouantem
912 3718 1100 3790 reponendum
1121 3721 1197 3774 arbi-

123 3805 214 3865 tratur,
225 3799 296 3869 quod
309 3801 432 3856 Tiberius
444 3802 479 3856 ob
492 3823 534 3857 res
544 3803 614 3858 bello
627 3803 790 3859 Germanico
801 3817 886 3876 gestes
896 3817 923 3861 et
933 3825 1013 3860 ovans
1029 3817 1139 3865 etcum
1150 3827 1198 3862 nn-

121 3882 170 3932 ten
182 3885 307 3952 imum
322 3895 373 3948 est,
386 3886 518 3940 scribente
538 3885 687 3956 Suetonio,
708 3885 751 3942 lib.
764 3888 824 3958 lll,
838 3909 893 3960 cap.
902 3911 926 3964 9.
946 3889 1030 3960 Atqui
1041 3891 1062 3945 is
1074 3890 1125 3946 boc
1137 3891 1196 3946 loeo

122 3961 151 4016 te
163 3965 237 4020 rebus
249 3967 393 4037 loquitur·
406 3969 515 4023 Tiberio
527 3971 605 4041 gestis
617 3991 659 4025 on.
672 3973 709 4026 U.
721 3971 753 4026 C.
769 3987 888 4042 occxuv,
899 3995 929 4028 ac
939 3977 1043 4044 subseq.
1054 3994 1108 4044 quo
1119 3986 1195 4028 tem-

122 4063 179 4113 pore
197 4049 334 4132 Tiberium
350 4071 441 4108 orasse
459 4053 540 4108 trudit
559 4075 663 4125 quoque
682 4056 819 4124 Velleius,
831 4059 875 4112 lib·
893 4059 938 4128 ll,
952 4056 1065 4132 αμφὶ,
1078 4079 1108 4113 ac
1119 4057 1193 4124 Dio,

121 4125 160 4184 bb.
171 4133 295 4206 Πήρη.
309 4139 373 4212 549,
388 4137 460 4208 quod
479 4158 536 4192 nou
553 4150 611 4194 emt
624 4139 848 4196 confundendum
867 4162 929 4198 eum
946 4142 1082 4212 triumpho
1100 4141 1194 4212 viginti

123 4220 357 4292 tetamento,
369 4232 396 4279 et
408 4220 518 4293 quidem
526 4223 561 4278 ob
574 4243 616 4280 res
628 4225 804 4294 Pannonicas,
816 4235 928 4284 etc-non
940 4245 1005 4282 vem
1011 4225 1192 4281 Germanicas.
