3017 5000
457 448 554 515 PER
578 448 610 515 J.
638 446 860 515 MASSON.
1133 472 1189 515 rat

102 564 104 573 ἱ
133 605 235 661 catum
252 585 379 674 utitur,
398 605 599 687 conquestus
618 586 802 660 Domitiani
817 584 1006 689 principatu
1026 586 1195 687 delegatum

133 702 304 777 tdumriris
320 704 536 788 mmaiterr'wn,
565 719 600 776 ut
614 719 806 777 monumenta
817 702 1051 777 clan'sstinorum
1063 703 1196 804 rogemb-

133 846 193 891 πων
214 820 243 891 iu
266 819 385 893 cornilio
405 846 443 892 oc
464 819 552 893 Foro
578 836 743 895 ummmur.
773 825 856 895 ltem
883 821 1006 895 Seneca
1033 840 1128 921 pater
1152 828 1191 893 ¹:

133 932 167 1005 T
164 933 311 1007 νίωωνίήε
325 960 404 1033 opus
420 948 490 1018 est,
521 935 659 1019 canitie,
688 937 848 1038 comtfioe,
875 954 939 1010 etc.
957 936 1129 1023 Tandem,
1153 960 1195 1008 ne

131 1049 281 1151 pluribus
297 1050 458 1152 exemplis
476 1050 608 1125 tedium
624 1078 752 1139 creem,
771 1051 849 1126 Aul.
870 1050 1022 1141 Gellius,
1044 1052 1103 1127 lib.
1124 1056 1196 1140 tlt,

132 1192 199 1266 cap.
215 1163 252 1253 3,
271 1182 399 1251 narrat,
416 1166 565 1241 Nerium
581 1166 710 1242 labulas
724 1168 758 1241 in
773 1194 900 1242 earcere
913 1168 995 1243 duas
1004 1168 1196 1269 scripsisse,

131 1308 227 1380 quum
243 1280 275 1353 iu
289 1282 416 1354 veiculo
429 1282 543 1357 Roma
556 1311 579 1356 o
593 1283 754 1357 tdummn's
765 1285 915 1385 conjectus
925 1298 1011 1357 esset.

174 1399 218 1471 ll.
235 1397 383 1471 Maxime
396 1426 498 1500 porro
508 1400 600 1472 venit
610 1400 869 1489 observandum,
884 1398 1057 1503 capitalem
1069 1399 1196 1472 huncce

130 1512 370 1587 triumuiratum
383 1532 511 1614 partem
527 1514 629 1589 fuisse
641 1515 902 1613 vigintiviratus,
919 1515 977 1615 qui
989 1515 1032 1587 ad
1046 1532 1196 1589 senatum

128 1647 191 1701 erat
216 1629 351 1725 gradus.
382 1629 423 1703 ld
450 1632 575 1732 optime
602 1661 665 1706 nos
689 1633 758 1706 Dio
782 1642 796 1671 ²
814 1632 930 1706 docuit
947 1631 989 1705 ad
1007 1659 1060 1704 an.
1086 1634 1129 1703 U.
1155 1631 1194 1704 C.

129 1764 254 1821 ttccxtl
277 1775 434 1835 narrans,
455 1750 543 1849 quod
564 1780 665 1851 quum
688 1750 876 1825 senatorius
900 1778 1020 1825 census
1044 1776 1138 1852 usque
1155 1746 1202 1822 ud

128 1844 222 1940 leae
239 1868 406 1939 uenarum
425 1865 672 1966 auctusstu'sset,
693 1894 859 1967 nemoque
876 1867 942 1965 jam
956 1865 1097 1939 inveniri
1116 1892 1198 1969 pos·

36 2006 38 2073 t
127 2002 190 2071 set,
210 1984 270 2085 qui
289 2000 408 2085 sponte
428 2011 485 2059 sna
497 2003 635 2059 senator
651 2012 721 2059 esse
737 1984 857 2071 vellet,
886 1984 963 2058 ideo
980 2000 1198 2059 senatuscon-

36 2084 38 2191 l
128 2100 248 2175 sollum
267 2098 368 2175 suerit
387 2100 525 2190 sartum,
547 2109 616 2184 τοὺς
636 2116 726 2177 lesum
748 2110 944 2197 καλουμένους
960 2108 1069 2201 ἄνδρας
1090 2110 1197 2178 ἐκτῶν

127 2226 230 2293 ἱππέων
251 2222 492 2309 ἀποδείκνυσθαι,
514 2234 549 2291 ut
560 2221 614 2321 qui
625 2220 819 2295 vocabuntur
838 2242 887 2294 xx
902 2221 969 2294 viri
985 2248 1028 2294 ex
1048 2220 1196 2323 equio'bus

125 2337 378 2409 enuntiarentur.
400 2370 417 2401 o
435 2338 589 2435 Quorum
603 2336 720 2410 deinde
738 2334 853 2411 nullus
869 2336 905 2409 in
915 2354 1065 2411 senatum
1081 2354 1133 2411 est
1148 2335 1195 2409 al·

128 2484 144 2516 ν
161 2448 281 2542 lectus,
293 2450 360 2525 nisi
371 2451 576 2552 que-etiam
587 2446 687 2526 alium
699 2452 944 2548 magistratum,
955 2451 1050 2552 cujus
1066 2450 1196 2525 ratione

34 2559 35 2590 ³
127 2601 142 2632 ν
159 2586 295 2644 senator
309 2585 424 2669 posset
438 2567 527 2655 lieri,
551 2568 754 2664 gessisset.»
781 2568 911 2643 Deinde
930 2569 987 2671 qni
1011 2568 1137 2644 luerint
1158 2568 1192 2642 hi

125 2704 168 2757 xx
191 2685 256 2757 viri
275 2683 324 2756 sic
341 2683 479 2785 exponit
497 2715 505 2758 :
533 2719 550 2748 «
568 2687 614 2758 Et
630 2685 665 2757 hi
686 2705 734 2758 xx
751 2684 814 2757 viri
828 2685 907 2759 sacti
922 2684 1058 2760 fuerunt
1072 2713 1111 2759 ex
1127 2683 1194 2758 illis

125 2833 140 2862 ν
159 2817 251 2873 xxv1
267 2797 366 2884 viris,
387 2798 422 2870 in
441 2797 565 2899 quibus
582 2818 677 2873 erant
697 2817 757 2874 tres
773 2801 835 2874 viri
850 2829 960 2874 mrum
976 2800 1190 2902 capitalium,

124 2949 141 2980 ν
159 2913 268 2990 etalii
285 2929 347 2988 tres
359 2913 527 3012 signandae
540 2916 686 3016 pecunie
698 2917 869 3013 negotium
883 2935 1046 3014 gerentes,
1065 2933 1195 3018 quotuor

123 3061 140 3093 ν
159 3031 289 3102 viarum
307 3030 511 3106 urbanarum
528 3048 714 3118 curatores,
732 3050 767 3106 et
778 3030 879 3105 &cem
893 3033 1043 3132 judiciis,
1061 3059 1133 3132 quae
1149 3031 1190 3104 ad

124 3179 141 3212 ν
160 3147 386 3222 centumviros
404 3166 492 3223 sorte
508 3148 720 3237 deferuntur,
741 3148 983 3249 preficiantur,
1001 3156 1049 3222 καὶ
1063 3156 1089 3220 οἱ
1104 3153 1188 3234 teca,

123 3297 140 3328 ν
158 3275 187 3340 ol
203 3273 320 3340 ἐπὶτῶν
335 3269 522 3364 δικαστηρίων
538 3278 595 3338 τῶν
613 3271 642 3348 ἐς
660 3271 728 3346 τοὺς
742 3272 845 3340 ἑκατὸν
862 3269 969 3364 ἄνδρας
989 3272 1189 3363 κληρουμένων

123 3417 139 3448 a
156 3389 402 3479 ἀποδεικνύμενοι.
417 3417 433 3448 ν

77 3589 79 3594 ,
164 3499 266 3574 Unde
276 3499 407 3601 liquido
419 3515 512 3602 patet
523 3527 584 3600 per
597 3500 686 3573 hunc
697 3497 934 3598 vrpratiumtum
947 3499 1049 3574 luisse
1063 3499 1189 3574 aditum

119 3617 156 3690 ad
171 3620 317 3718 majores
333 3618 368 3691 in
386 3636 503 3692 senatu
519 3617 685 3704 honores,
703 3617 753 3690 uti
769 3635 855 3690 reete
871 3616 1022 3719 Lipsius,
1041 3618 1083 3694 ad
1098 3618 1190 3692 huuc

118 3731 222 3806 Taciti
241 3732 252 3772 ⁵
271 3732 312 3806 de
329 3731 467 3806 Tiberio
479 3729 590 3806 locum
603 3729 752 3804 notavit:
771 3763 788 3794 ν
806 3731 871 3804 Per
882 3731 970 3804 idem
984 3735 1191 3834 tempusNe

117 3879 134 3911 ν
153 3875 270 3922 ronem
280 3877 297 3923 e
309 3845 424 3921 liberis
432 3847 622 3921 Germanici
633 3847 697 3946 jam
710 3847 894 3942 ingressum
908 3849 1090 3948 juventam,
1099 3879 1189 3923 com-

148 4051 155 4080 ¹
173 4048 232 4105 Lib,
245 4049 304 4114 111,
319 4045 447 4102 controv.
463 4047 509 4112 stt,
522 4045 570 4100 sub
583 4043 628 4112 lto.

146 4133 158 4162 ²
175 4131 233 4184 Lib.
245 4131 320 4196 LIV,
334 4149 391 4200 pag.
405 4131 462 4194 540.

148 4209 158 4243 ³
174 4213 270 4267 Annal.
285 4213 329 4266 lib.
340 4211 398 4276 lll,
414 4229 468 4278 rap.
482 4229 520 4280 aq.
