<?xml version="1.0" encoding="UTF-8"?>
<!DOCTYPE html PUBLIC "-//W3C//DTD XHTML 1.0 Transitional//EN"
    "http://www.w3.org/TR/xhtml1/DTD/xhtml1-transitional.dtd">
<html xmlns="http://www.w3.org/1999/xhtml" xml:lang="en" lang="en">
 <head>
  <title>
</title>
<meta http-equiv="Content-Type" content="text/html;charset=utf-8" />
  <meta name='ocr-system' content='tesseract 3.04.00' />
  <meta name='ocr-capabilities' content='ocr_page ocr_carea ocr_par ocr_line ocrx_word'/>
</head>
<body>
  <div class='ocr_page' id='page_1' title='image "./publiiovidiinas01unkngoog/publiiovidiinas01unkngoog_0096.png"; bbox 0 0 3017 5000; ppageno 0'>
   <div class='ocr_carea' id='block_1_1' title="bbox 569 446 1213 556">
    <p class='ocr_par' dir='ltr' id='par_1_1' title="bbox 569 446 1213 556">
     <span class='ocr_line' id='line_1_1' title="bbox 569 446 1213 556; baseline -0.005 -1"><span class='ocrx_word' id='word_1_1' title='bbox 569 487 722 556; x_wconf 73' lang='lat' dir='ltr'>vina.</span> <span class='ocrx_word' id='word_1_2' title='bbox 773 446 777 455; x_wconf 70' lang='grc'><em>’</em></span> <span class='ocrx_word' id='word_1_3' title='bbox 1140 485 1213 552; x_wconf 66' lang='lat' dir='ltr'>aa·</span> 
     </span>
    </p>
   </div>
   <div class='ocr_carea' id='block_1_2' title="bbox 119 588 1186 841">
    <p class='ocr_par' dir='ltr' id='par_1_2' title="bbox 119 588 1186 841">
     <span class='ocr_line' id='line_1_2' title="bbox 119 588 1186 736; baseline 0 -40"><span class='ocrx_word' id='word_1_4' title='bbox 119 623 236 698; x_wconf 81' lang='lat' dir='ltr'>fuerant</span> <span class='ocrx_word' id='word_1_5' title='bbox 252 640 328 736; x_wconf 74' lang='lat' dir='ltr'>ante</span> <span class='ocrx_word' id='word_1_6' title='bbox 347 620 503 725; x_wconf 86' lang='lat' dir='ltr'><strong>plurimis</strong></span> <span class='ocrx_word' id='word_1_7' title='bbox 525 621 704 725; x_wconf 84' lang='lat' dir='ltr'>exemplis,</span> <span class='ocrx_word' id='word_1_8' title='bbox 732 588 873 696; x_wconf 87' lang='lat' dir='ltr'>omnino</span> <span class='ocrx_word' id='word_1_9' title='bbox 891 619 1021 696; x_wconf 78' lang='lat' dir='ltr'><strong>aboleri</strong></span> <span class='ocrx_word' id='word_1_10' title='bbox 1036 649 1107 694; x_wconf 90' lang='lat' dir='ltr'>non</span> <span class='ocrx_word' id='word_1_11' title='bbox 1124 649 1186 722; x_wconf 84' lang='lat' dir='ltr'>po-</span> 
     </span>
     <span class='ocr_line' id='line_1_3' title="bbox 120 735 1184 841; baseline -0.002 -29"><span class='ocrx_word' id='word_1_12' title='bbox 120 755 242 816; x_wconf 78' lang='lat' dir='ltr'>tueruut</span> <span class='ocrx_word' id='word_1_13' title='bbox 258 769 268 814; x_wconf 74' lang='grc' dir='ltr'><strong><em>ε</em></strong></span> <span class='ocrx_word' id='word_1_14' title='bbox 286 756 463 841; x_wconf 86' lang='lat' dir='ltr'>propterca</span> <span class='ocrx_word' id='word_1_15' title='bbox 482 737 530 812; x_wconf 87' lang='lat' dir='ltr'>sic</span> <span class='ocrx_word' id='word_1_16' title='bbox 544 738 617 839; x_wconf 88' lang='lat' dir='ltr'>ipse</span> <span class='ocrx_word' id='word_1_17' title='bbox 635 738 745 841; x_wconf 87' lang='lat' dir='ltr'>primu</span> <span class='ocrx_word' id='word_1_18' title='bbox 760 736 802 811; x_wconf 88' lang='lat' dir='ltr'>de</span> <span class='ocrx_word' id='word_1_19' title='bbox 815 737 919 811; x_wconf 88' lang='lat' dir='ltr'>Trist.</span> <span class='ocrx_word' id='word_1_20' title='bbox 935 735 1029 834; x_wconf 77' lang='lat' dir='ltr'>Eleg.</span> <span class='ocrx_word' id='word_1_21' title='bbox 1046 754 1104 825; x_wconf 82' lang='lat' dir='ltr'>vt,</span> <span class='ocrx_word' id='word_1_22' title='bbox 1120 737 1184 811; x_wconf 87' lang='lat' dir='ltr'>ait:</span> 
     </span>
    </p>
   </div>
   <div class='ocr_carea' id='block_1_3' title="bbox 270 885 1066 3608">
    <p class='ocr_par' dir='ltr' id='par_1_3' title="bbox 270 885 965 1049">
     <span class='ocr_line' id='line_1_4' title="bbox 270 885 965 956; baseline -0.004 -14"><span class='ocrx_word' id='word_1_23' title='bbox 270 887 353 942; x_wconf 85' lang='lat' dir='ltr'>Grata</span> <span class='ocrx_word' id='word_1_24' title='bbox 365 897 462 942; x_wconf 87' lang='lat' dir='ltr'>tuaest</span> <span class='ocrx_word' id='word_1_25' title='bbox 474 887 556 956; x_wconf 82' lang='lat' dir='ltr'>pietas</span> <span class='ocrx_word' id='word_1_26' title='bbox 567 907 574 950; x_wconf 89' lang='lat'>;</span> <span class='ocrx_word' id='word_1_27' title='bbox 587 885 634 940; x_wconf 92' lang='lat' dir='ltr'>sed</span> <span class='ocrx_word' id='word_1_28' title='bbox 646 885 765 939; x_wconf 87' lang='lat' dir='ltr'>carmina</span> <span class='ocrx_word' id='word_1_29' title='bbox 778 887 866 955; x_wconf 85' lang='lat' dir='ltr'>major</span> <span class='ocrx_word' id='word_1_30' title='bbox 876 886 965 956; x_wconf 72' lang='lat' dir='ltr'>imago</span> 
     </span>
     <span class='ocr_line' id='line_1_5' title="bbox 301 977 963 1049; baseline -0.002 -16"><span class='ocrx_word' id='word_1_31' title='bbox 301 980 373 1034; x_wconf 90' lang='lat' dir='ltr'>Sunt</span> <span class='ocrx_word' id='word_1_32' title='bbox 386 998 446 1033; x_wconf 86' lang='lat' dir='ltr'>anea</span> <span class='ocrx_word' id='word_1_33' title='bbox 457 1019 464 1046; x_wconf 92' lang='lat'>,</span> <span class='ocrx_word' id='word_1_34' title='bbox 477 997 537 1049; x_wconf 80' lang='lat' dir='ltr'>quas</span> <span class='ocrx_word' id='word_1_35' title='bbox 550 978 649 1032; x_wconf 88' lang='lat' dir='ltr'>mando</span> <span class='ocrx_word' id='word_1_36' title='bbox 660 977 864 1048; x_wconf 81' lang='lat' dir='ltr'>qualiacumque</span> <span class='ocrx_word' id='word_1_37' title='bbox 876 979 963 1049; x_wconf 73' lang='lat' dir='ltr'>legas,</span> 
     </span>
    </p>

    <p class='ocr_par' dir='ltr' id='par_1_4' title="bbox 273 1068 933 1232">
     <span class='ocr_line' id='line_1_6' title="bbox 273 1068 933 1126; baseline -0.005 0"><span class='ocrx_word' id='word_1_38' title='bbox 273 1070 402 1126; x_wconf 75' lang='lat' dir='ltr'>Carmina</span> <span class='ocrx_word' id='word_1_39' title='bbox 413 1081 528 1125; x_wconf 87' lang='lat' dir='ltr'>mutatas</span> <span class='ocrx_word' id='word_1_40' title='bbox 537 1069 679 1124; x_wconf 84' lang='lat' dir='ltr'>bominum</span> <span class='ocrx_word' id='word_1_41' title='bbox 693 1069 808 1124; x_wconf 78' lang='lat' dir='ltr'>dicentia</span> <span class='ocrx_word' id='word_1_42' title='bbox 818 1068 933 1123; x_wconf 81' lang='lat' dir='ltr'>formas:</span> 
     </span>
     <span class='ocr_line' id='line_1_7' title="bbox 305 1159 839 1232; baseline -0.009 -14"><span class='ocrx_word' id='word_1_43' title='bbox 305 1161 402 1218; x_wconf 80' lang='lat' dir='ltr'>Infelix</span> <span class='ocrx_word' id='word_1_44' title='bbox 413 1160 515 1216; x_wconf 87' lang='lat' dir='ltr'>domini</span> <span class='ocrx_word' id='word_1_45' title='bbox 528 1159 598 1232; x_wconf 85' lang='lat' dir='ltr'>quod</span> <span class='ocrx_word' id='word_1_46' title='bbox 610 1160 671 1230; x_wconf 78' lang='lat' dir='ltr'>luga</span> <span class='ocrx_word' id='word_1_47' title='bbox 681 1161 839 1230; x_wconf 81' lang='lat' dir='ltr'>rupitopus.</span> 
     </span>
    </p>

    <p class='ocr_par' dir='ltr' id='par_1_5' title="bbox 271 1249 969 1414">
     <span class='ocr_line' id='line_1_8' title="bbox 271 1249 969 1322; baseline -0.006 -14"><span class='ocrx_word' id='word_1_48' title='bbox 271 1251 338 1312; x_wconf 78' lang='lat' dir='ltr'>llaec</span> <span class='ocrx_word' id='word_1_49' title='bbox 349 1271 399 1322; x_wconf 76' lang='lat' dir='ltr'>ego</span> <span class='ocrx_word' id='word_1_50' title='bbox 409 1251 563 1318; x_wconf 82' lang='lat' dir='ltr'>discedens,</span> <span class='ocrx_word' id='word_1_51' title='bbox 573 1251 641 1306; x_wconf 87' lang='lat' dir='ltr'>sicut</span> <span class='ocrx_word' id='word_1_52' title='bbox 653 1251 722 1305; x_wconf 89' lang='lat' dir='ltr'>bene</span> <span class='ocrx_word' id='word_1_53' title='bbox 733 1249 818 1305; x_wconf 88' lang='lat' dir='ltr'>multa</span> <span class='ocrx_word' id='word_1_54' title='bbox 828 1268 969 1317; x_wconf 81' lang='lat' dir='ltr'>meorum,</span> 
     </span>
     <span class='ocr_line' id='line_1_9' title="bbox 304 1342 861 1414; baseline -0.004 -15"><span class='ocrx_word' id='word_1_55' title='bbox 304 1345 364 1414; x_wconf 83' lang='lat' dir='ltr'>lpse</span> <span class='ocrx_word' id='word_1_56' title='bbox 378 1363 437 1398; x_wconf 82' lang='lat' dir='ltr'>anea</span> <span class='ocrx_word' id='word_1_57' title='bbox 448 1343 523 1414; x_wconf 86' lang='lat' dir='ltr'>posui</span> <span class='ocrx_word' id='word_1_58' title='bbox 536 1353 644 1398; x_wconf 61' lang='lat' dir='ltr'>mestus</span> <span class='ocrx_word' id='word_1_59' title='bbox 654 1342 684 1396; x_wconf 91' lang='lat' dir='ltr'>in</span> <span class='ocrx_word' id='word_1_60' title='bbox 695 1342 757 1412; x_wconf 78' lang='lat' dir='ltr'>igne</span> <span class='ocrx_word' id='word_1_61' title='bbox 769 1361 861 1397; x_wconf 86' lang='lat' dir='ltr'>manu.</span> 
     </span>
    </p>

    <p class='ocr_par' dir='ltr' id='par_1_6' title="bbox 272 1433 956 1594">
     <span class='ocr_line' id='line_1_10' title="bbox 272 1433 956 1505; baseline -0.004 -15"><span class='ocrx_word' id='word_1_62' title='bbox 272 1435 365 1505; x_wconf 89' lang='lat' dir='ltr'>thue</span> <span class='ocrx_word' id='word_1_63' title='bbox 377 1453 506 1488; x_wconf 77' lang='lat' dir='ltr'>cremasse</span> <span class='ocrx_word' id='word_1_64' title='bbox 518 1453 597 1488; x_wconf 88' lang='lat' dir='ltr'>suum</span> <span class='ocrx_word' id='word_1_65' title='bbox 608 1433 697 1488; x_wconf 77' lang='lat' dir='ltr'>lentur</span> <span class='ocrx_word' id='word_1_66' title='bbox 705 1435 754 1488; x_wconf 90' lang='lat' dir='ltr'>sub</span> <span class='ocrx_word' id='word_1_67' title='bbox 763 1434 850 1502; x_wconf 83' lang='lat' dir='ltr'>stipite</span> <span class='ocrx_word' id='word_1_68' title='bbox 862 1444 956 1488; x_wconf 88' lang='lat' dir='ltr'>natum</span> 
     </span>
     <span class='ocr_line' id='line_1_11' title="bbox 304 1525 885 1594; baseline 0 -14"><span class='ocrx_word' id='word_1_69' title='bbox 304 1526 440 1594; x_wconf 85' lang='lat' dir='ltr'>Thestias,</span> <span class='ocrx_word' id='word_1_70' title='bbox 454 1537 481 1580; x_wconf 90' lang='lat' dir='ltr'>et</span> <span class='ocrx_word' id='word_1_71' title='bbox 494 1525 589 1579; x_wconf 87' lang='lat' dir='ltr'>melior</span> <span class='ocrx_word' id='word_1_72' title='bbox 600 1536 685 1580; x_wconf 88' lang='lat' dir='ltr'>matre</span> <span class='ocrx_word' id='word_1_73' title='bbox 696 1525 778 1580; x_wconf 81' lang='lat' dir='ltr'>luisse</span> <span class='ocrx_word' id='word_1_74' title='bbox 790 1545 885 1591; x_wconf 63' lang='lat' dir='ltr'>soron</span> 
     </span>
    </p>

    <p class='ocr_par' dir='ltr' id='par_1_7' title="bbox 270 1616 963 1779">
     <span class='ocr_line' id='line_1_12' title="bbox 270 1616 963 1688; baseline 0 -16"><span class='ocrx_word' id='word_1_75' title='bbox 270 1617 316 1672; x_wconf 76' lang='lat' dir='ltr'>sic</span> <span class='ocrx_word' id='word_1_76' title='bbox 327 1637 377 1688; x_wconf 76' lang='lat' dir='ltr'>ego</span> <span class='ocrx_word' id='word_1_77' title='bbox 388 1637 444 1670; x_wconf 90' lang='lat' dir='ltr'>non</span> <span class='ocrx_word' id='word_1_78' title='bbox 459 1617 582 1681; x_wconf 83' lang='lat' dir='ltr'>meritos,</span> <span class='ocrx_word' id='word_1_79' title='bbox 596 1635 705 1672; x_wconf 87' lang='lat' dir='ltr'>mecum</span> <span class='ocrx_word' id='word_1_80' title='bbox 719 1617 851 1687; x_wconf 82' lang='lat' dir='ltr'>peritura,</span> <span class='ocrx_word' id='word_1_81' title='bbox 863 1616 963 1672; x_wconf 84' lang='lat' dir='ltr'>libellos</span> 
     </span>
     <span class='ocr_line' id='line_1_13' title="bbox 302 1707 876 1779; baseline 0 -15"><span class='ocrx_word' id='word_1_82' title='bbox 302 1707 420 1779; x_wconf 84' lang='lat' dir='ltr'>lnaposui</span> <span class='ocrx_word' id='word_1_83' title='bbox 432 1707 545 1778; x_wconf 79' lang='lat' dir='ltr'>rapidis,</span> <span class='ocrx_word' id='word_1_84' title='bbox 558 1707 656 1764; x_wconf 80' lang='lat' dir='ltr'>viscera</span> <span class='ocrx_word' id='word_1_85' title='bbox 668 1719 775 1776; x_wconf 83' lang='lat' dir='ltr'>nostra,</span> <span class='ocrx_word' id='word_1_86' title='bbox 787 1710 857 1779; x_wconf 67' lang='lat' dir='ltr'><strong>rogi·</strong></span> <span class='ocrx_word' id='word_1_87' title='bbox 869 1729 876 1764; x_wconf 91' lang='lat'>:</span> 
     </span>
    </p>

    <p class='ocr_par' dir='ltr' id='par_1_8' title="bbox 270 1797 1040 1960">
     <span class='ocr_line' id='line_1_14' title="bbox 270 1797 1040 1872; baseline 0.012 -23"><span class='ocrx_word' id='word_1_88' title='bbox 270 1797 322 1851; x_wconf 82' lang='lat' dir='ltr'>Vel</span> <span class='ocrx_word' id='word_1_89' title='bbox 333 1797 404 1869; x_wconf 88' lang='lat' dir='ltr'>quod</span> <span class='ocrx_word' id='word_1_90' title='bbox 418 1819 491 1854; x_wconf 86' lang='lat' dir='ltr'>eram</span> <span class='ocrx_word' id='word_1_91' title='bbox 506 1799 614 1865; x_wconf 87' lang='lat' dir='ltr'>Musas,</span> <span class='ocrx_word' id='word_1_92' title='bbox 629 1809 659 1854; x_wconf 90' lang='lat' dir='ltr'>ut</span> <span class='ocrx_word' id='word_1_93' title='bbox 670 1800 783 1854; x_wconf 84' lang='lat' dir='ltr'>crimina</span> <span class='ocrx_word' id='word_1_94' title='bbox 793 1812 901 1871; x_wconf 81' lang='lat' dir='ltr'>nostra,</span> <span class='ocrx_word' id='word_1_95' title='bbox 914 1820 1040 1872; x_wconf 65' lang='lat' dir='ltr'>perustae</span> 
     </span>
     <span class='ocr_line' id='line_1_15' title="bbox 301 1889 984 1960; baseline 0 -17"><span class='ocrx_word' id='word_1_96' title='bbox 301 1889 353 1944; x_wconf 89' lang='lat' dir='ltr'>Vel</span> <span class='ocrx_word' id='word_1_97' title='bbox 366 1889 437 1960; x_wconf 85' lang='lat' dir='ltr'>quod</span> <span class='ocrx_word' id='word_1_98' title='bbox 451 1891 537 1946; x_wconf 90' lang='lat' dir='ltr'>adbuc</span> <span class='ocrx_word' id='word_1_99' title='bbox 549 1911 668 1947; x_wconf 80' lang='lat' dir='ltr'>crescens</span> <span class='ocrx_word' id='word_1_100' title='bbox 680 1903 708 1948; x_wconf 85' lang='lat' dir='ltr'>et</span> <span class='ocrx_word' id='word_1_101' title='bbox 720 1891 787 1946; x_wconf 85' lang='lat' dir='ltr'>rude</span> <span class='ocrx_word' id='word_1_102' title='bbox 798 1912 906 1947; x_wconf 86' lang='lat' dir='ltr'>carmen</span> <span class='ocrx_word' id='word_1_103' title='bbox 919 1905 984 1948; x_wconf 86' lang='lat' dir='ltr'>erat.</span> 
     </span>
    </p>

    <p class='ocr_par' dir='ltr' id='par_1_9' title="bbox 272 1981 1066 2145">
     <span class='ocr_line' id='line_1_16' title="bbox 272 1981 1066 2054; baseline 0.005 -19"><span class='ocrx_word' id='word_1_104' title='bbox 272 1981 343 2051; x_wconf 76' lang='lat' dir='ltr'>Quas</span> <span class='ocrx_word' id='word_1_105' title='bbox 355 1983 482 2052; x_wconf 87' lang='lat' dir='ltr'>quoniam</span> <span class='ocrx_word' id='word_1_106' title='bbox 496 2001 552 2036; x_wconf 88' lang='lat' dir='ltr'>non</span> <span class='ocrx_word' id='word_1_107' title='bbox 565 1995 629 2038; x_wconf 86' lang='lat' dir='ltr'>sunt</span> <span class='ocrx_word' id='word_1_108' title='bbox 642 1984 746 2054; x_wconf 84' lang='lat' dir='ltr'>penitus</span> <span class='ocrx_word' id='word_1_109' title='bbox 757 1983 877 2051; x_wconf 84' lang='lat' dir='ltr'>sublata,</span> <span class='ocrx_word' id='word_1_110' title='bbox 889 1984 937 2040; x_wconf 84' lang='lat' dir='ltr'>sed</span> <span class='ocrx_word' id='word_1_111' title='bbox 947 1995 1066 2053; x_wconf 79' lang='lat' dir='ltr'>exstant,</span> 
     </span>
     <span class='ocr_line' id='line_1_17' title="bbox 303 2073 850 2145; baseline 0.002 -17"><span class='ocrx_word' id='word_1_112' title='bbox 303 2073 428 2128; x_wconf 82' lang='lat' dir='ltr'>Pluribus</span> <span class='ocrx_word' id='word_1_113' title='bbox 440 2073 565 2144; x_wconf 79' lang='lat' dir='ltr'>exemplis</span> <span class='ocrx_word' id='word_1_114' title='bbox 576 2077 672 2145; x_wconf 82' lang='lat' dir='ltr'>scripta</span> <span class='ocrx_word' id='word_1_115' title='bbox 686 2075 766 2130; x_wconf 82' lang='lat' dir='ltr'>fuisse</span> <span class='ocrx_word' id='word_1_116' title='bbox 779 2095 850 2130; x_wconf 83' lang='lat' dir='ltr'>reor.</span> 
     </span>
    </p>

    <p class='ocr_par' dir='ltr' id='par_1_10' title="bbox 271 2163 1006 2328">
     <span class='ocr_line' id='line_1_18' title="bbox 271 2163 1006 2236; baseline 0.005 -20"><span class='ocrx_word' id='word_1_117' title='bbox 271 2163 351 2218; x_wconf 84' lang='lat' dir='ltr'>Nunc</span> <span class='ocrx_word' id='word_1_118' title='bbox 364 2183 473 2234; x_wconf 84' lang='lat' dir='ltr'>precor,</span> <span class='ocrx_word' id='word_1_119' title='bbox 489 2177 519 2220; x_wconf 88' lang='lat' dir='ltr'>ut</span> <span class='ocrx_word' id='word_1_120' title='bbox 530 2165 638 2230; x_wconf 78' lang='lat' dir='ltr'>vivant;</span> <span class='ocrx_word' id='word_1_121' title='bbox 651 2176 678 2220; x_wconf 89' lang='lat' dir='ltr'>et</span> <span class='ocrx_word' id='word_1_122' title='bbox 692 2186 748 2220; x_wconf 85' lang='lat' dir='ltr'>non</span> <span class='ocrx_word' id='word_1_123' title='bbox 762 2167 855 2236; x_wconf 71' lang='lat' dir='ltr'>ignava</span> <span class='ocrx_word' id='word_1_124' title='bbox 869 2165 1006 2236; x_wconf 72' lang='lat' dir='ltr'>legentium</span> 
     </span>
     <span class='ocr_line' id='line_1_19' title="bbox 305 2253 834 2328; baseline 0.008 -20"><span class='ocrx_word' id='word_1_125' title='bbox 305 2253 370 2310; x_wconf 91' lang='lat' dir='ltr'>Otia</span> <span class='ocrx_word' id='word_1_126' title='bbox 381 2255 533 2324; x_wconf 83' lang='lat' dir='ltr'>delectent,</span> <span class='ocrx_word' id='word_1_127' title='bbox 546 2257 760 2328; x_wconf 69' lang='lat' dir='ltr'>admoneantque</span> <span class='ocrx_word' id='word_1_128' title='bbox 772 2259 834 2312; x_wconf 86' lang='lat' dir='ltr'>mei.</span> 
     </span>
    </p>

    <p class='ocr_par' dir='ltr' id='par_1_11' title="bbox 272 2343 972 2511">
     <span class='ocr_line' id='line_1_20' title="bbox 272 2343 972 2418; baseline 0.006 -20"><span class='ocrx_word' id='word_1_129' title='bbox 272 2343 333 2398; x_wconf 83' lang='lat' dir='ltr'>Non</span> <span class='ocrx_word' id='word_1_130' title='bbox 347 2356 439 2402; x_wconf 87' lang='lat' dir='ltr'>tamen</span> <span class='ocrx_word' id='word_1_131' title='bbox 452 2347 494 2400; x_wconf 90' lang='lat' dir='ltr'>illa</span> <span class='ocrx_word' id='word_1_132' title='bbox 506 2346 557 2418; x_wconf 77' lang='lat' dir='ltr'>legi</span> <span class='ocrx_word' id='word_1_133' title='bbox 569 2359 695 2418; x_wconf 83' lang='lat' dir='ltr'>poterunt</span> <span class='ocrx_word' id='word_1_134' title='bbox 708 2348 842 2418; x_wconf 71' lang='lat' dir='ltr'>patienter</span> <span class='ocrx_word' id='word_1_135' title='bbox 852 2349 885 2403; x_wconf 93' lang='lat' dir='ltr'>ab</span> <span class='ocrx_word' id='word_1_136' title='bbox 896 2347 951 2402; x_wconf 83' lang='lat' dir='ltr'>ullo</span> <span class='ocrx_word' id='word_1_137' title='bbox 963 2388 972 2417; x_wconf 86' lang='lat'>,</span> 
     </span>
     <span class='ocr_line' id='line_1_21' title="bbox 304 2437 941 2511; baseline 0.005 -20"><span class='ocrx_word' id='word_1_138' title='bbox 304 2437 409 2492; x_wconf 79' lang='lat' dir='ltr'>Nesciat</span> <span class='ocrx_word' id='word_1_139' title='bbox 420 2438 461 2492; x_wconf 87' lang='lat' dir='ltr'>bis</span> <span class='ocrx_word' id='word_1_140' title='bbox 471 2457 604 2493; x_wconf 84' lang='lat' dir='ltr'>summam</span> <span class='ocrx_word' id='word_1_141' title='bbox 616 2442 638 2495; x_wconf 86' lang='lat' dir='ltr'>si</span> <span class='ocrx_word' id='word_1_142' title='bbox 651 2442 709 2511; x_wconf 89' lang='lat' dir='ltr'>quis</span> <span class='ocrx_word' id='word_1_143' title='bbox 721 2443 809 2495; x_wconf 82' lang='lat' dir='ltr'>abesse</span> <span class='ocrx_word' id='word_1_144' title='bbox 819 2460 941 2496; x_wconf 84' lang='lat' dir='ltr'>manum.</span> 
     </span>
    </p>

    <p class='ocr_par' dir='ltr' id='par_1_12' title="bbox 272 2528 881 2693">
     <span class='ocr_line' id='line_1_22' title="bbox 272 2528 881 2601; baseline 0.003 -18"><span class='ocrx_word' id='word_1_145' title='bbox 272 2528 398 2584; x_wconf 81' lang='lat' dir='ltr'>Ablatum</span> <span class='ocrx_word' id='word_1_146' title='bbox 412 2530 505 2585; x_wconf 86' lang='lat' dir='ltr'>mediis</span> <span class='ocrx_word' id='word_1_147' title='bbox 518 2551 584 2601; x_wconf 85' lang='lat' dir='ltr'>opus</span> <span class='ocrx_word' id='word_1_148' title='bbox 596 2541 635 2586; x_wconf 92' lang='lat' dir='ltr'>est</span> <span class='ocrx_word' id='word_1_149' title='bbox 647 2532 787 2587; x_wconf 78' lang='lat' dir='ltr'>incudibus</span> <span class='ocrx_word' id='word_1_150' title='bbox 797 2532 861 2585; x_wconf 92' lang='lat' dir='ltr'>illud</span> <span class='ocrx_word' id='word_1_151' title='bbox 874 2554 881 2597; x_wconf 87' lang='lat'><strong>;</strong></span> 
     </span>
     <span class='ocr_line' id='line_1_23' title="bbox 305 2620 827 2693; baseline 0.002 -18"><span class='ocrx_word' id='word_1_152' title='bbox 305 2620 401 2675; x_wconf 77' lang='lat' dir='ltr'>Defuit</span> <span class='ocrx_word' id='word_1_153' title='bbox 414 2633 443 2676; x_wconf 88' lang='lat' dir='ltr'>et</span> <span class='ocrx_word' id='word_1_154' title='bbox 454 2623 556 2693; x_wconf 83' lang='lat' dir='ltr'>scriptis</span> <span class='ocrx_word' id='word_1_155' title='bbox 568 2626 662 2677; x_wconf 85' lang='lat' dir='ltr'>ultima</span> <span class='ocrx_word' id='word_1_156' title='bbox 675 2624 738 2678; x_wconf 86' lang='lat' dir='ltr'>lima</span> <span class='ocrx_word' id='word_1_157' title='bbox 752 2626 827 2679; x_wconf 86' lang='lat' dir='ltr'>meis.</span> 
     </span>
    </p>

    <p class='ocr_par' dir='ltr' id='par_1_13' title="bbox 271 2710 943 2876">
     <span class='ocr_line' id='line_1_24' title="bbox 271 2710 943 2786; baseline 0.009 -21"><span class='ocrx_word' id='word_1_158' title='bbox 271 2710 307 2767; x_wconf 86' lang='lat' dir='ltr'>Et</span> <span class='ocrx_word' id='word_1_159' title='bbox 318 2712 424 2767; x_wconf 86' lang='lat' dir='ltr'>veniam</span> <span class='ocrx_word' id='word_1_160' title='bbox 440 2734 489 2784; x_wconf 84' lang='lat' dir='ltr'>pro</span> <span class='ocrx_word' id='word_1_161' title='bbox 503 2714 581 2770; x_wconf 88' lang='lat' dir='ltr'>laude</span> <span class='ocrx_word' id='word_1_162' title='bbox 597 2727 659 2786; x_wconf 81' lang='lat' dir='ltr'>peto</span> <span class='ocrx_word' id='word_1_163' title='bbox 672 2736 678 2769; x_wconf 92' lang='lat'>:</span> <span class='ocrx_word' id='word_1_164' title='bbox 691 2717 812 2771; x_wconf 88' lang='lat' dir='ltr'>laudatus</span> <span class='ocrx_word' id='word_1_165' title='bbox 822 2716 943 2784; x_wconf 80' lang='lat' dir='ltr'>abunde,</span> 
     </span>
     <span class='ocr_line' id='line_1_25' title="bbox 301 2803 801 2876; baseline 0.004 -17"><span class='ocrx_word' id='word_1_166' title='bbox 301 2804 364 2859; x_wconf 85' lang='lat' dir='ltr'>Non</span> <span class='ocrx_word' id='word_1_167' title='bbox 379 2803 507 2860; x_wconf 78' lang='lat' dir='ltr'>fastiditus</span> <span class='ocrx_word' id='word_1_168' title='bbox 517 2808 540 2860; x_wconf 84' lang='lat' dir='ltr'>si</span> <span class='ocrx_word' id='word_1_169' title='bbox 555 2807 616 2875; x_wconf 85' lang='lat' dir='ltr'>tibi,</span> <span class='ocrx_word' id='word_1_170' title='bbox 633 2809 732 2876; x_wconf 87' lang='lat' dir='ltr'>lector,</span> <span class='ocrx_word' id='word_1_171' title='bbox 744 2828 801 2863; x_wconf 83' lang='lat' dir='ltr'>cro.</span> 
     </span>
    </p>

    <p class='ocr_par' dir='ltr' id='par_1_14' title="bbox 273 2896 1018 3063">
     <span class='ocr_line' id='line_1_26' title="bbox 273 2896 1018 2970; baseline 0.011 -20"><span class='ocrx_word' id='word_1_172' title='bbox 273 2896 332 2951; x_wconf 79' lang='lat' dir='ltr'>llos</span> <span class='ocrx_word' id='word_1_173' title='bbox 342 2917 449 2968; x_wconf 90' lang='lat' dir='ltr'>quoque</span> <span class='ocrx_word' id='word_1_174' title='bbox 460 2919 505 2952; x_wconf 85' lang='lat' dir='ltr'>sex</span> <span class='ocrx_word' id='word_1_175' title='bbox 516 2918 606 2955; x_wconf 82' lang='lat' dir='ltr'>versus</span> <span class='ocrx_word' id='word_1_176' title='bbox 616 2900 645 2953; x_wconf 90' lang='lat' dir='ltr'>in</span> <span class='ocrx_word' id='word_1_177' title='bbox 657 2901 742 2970; x_wconf 84' lang='lat' dir='ltr'>prima</span> <span class='ocrx_word' id='word_1_178' title='bbox 753 2900 843 2955; x_wconf 76' lang='lat' dir='ltr'>fronte</span> <span class='ocrx_word' id='word_1_179' title='bbox 854 2900 949 2968; x_wconf 86' lang='lat' dir='ltr'>libelli,</span> <span class='ocrx_word' id='word_1_180' title='bbox 1016 2949 1018 2958; x_wconf 93' lang='lat'><em>.</em></span> 
     </span>
     <span class='ocr_line' id='line_1_27' title="bbox 303 2988 832 3063; baseline 0.004 -20"><span class='ocrx_word' id='word_1_181' title='bbox 303 2988 333 3044; x_wconf 82' lang='lat' dir='ltr'>si</span> <span class='ocrx_word' id='word_1_182' title='bbox 345 2991 538 3061; x_wconf 65' lang='lat' dir='ltr'>preponendoe</span> <span class='ocrx_word' id='word_1_183' title='bbox 548 3011 604 3047; x_wconf 84' lang='lat' dir='ltr'>esse</span> <span class='ocrx_word' id='word_1_184' title='bbox 616 2992 733 3063; x_wconf 84' lang='lat' dir='ltr'>putabis,</span> <span class='ocrx_word' id='word_1_185' title='bbox 746 2992 813 3045; x_wconf 85' lang='lat' dir='ltr'>baba</span> <span class='ocrx_word' id='word_1_186' title='bbox 825 3012 832 3046; x_wconf 72' lang='grc' dir='ltr'><strong><em>ε</em></strong></span> 
     </span>
    </p>

    <p class='ocr_par' dir='ltr' id='par_1_15' title="bbox 272 3078 978 3230">
     <span class='ocr_line' id='line_1_28' title="bbox 272 3078 978 3153; baseline 0 -17"><span class='ocrx_word' id='word_1_187' title='bbox 272 3078 356 3136; x_wconf 74' lang='lat' dir='ltr'>One</span> <span class='ocrx_word' id='word_1_188' title='bbox 367 3092 476 3152; x_wconf 84' lang='lat' dir='ltr'>parente</span> <span class='ocrx_word' id='word_1_189' title='bbox 487 3102 536 3137; x_wconf 87' lang='lat' dir='ltr'>suo</span> <span class='ocrx_word' id='word_1_190' title='bbox 551 3083 711 3153; x_wconf 85' lang='lat' dir='ltr'>quicumque</span> <span class='ocrx_word' id='word_1_191' title='bbox 727 3083 863 3138; x_wconf 84' lang='lat' dir='ltr'>volumina</span> <span class='ocrx_word' id='word_1_192' title='bbox 874 3084 978 3153; x_wconf 72' lang='lat' dir='ltr'>tangis,</span> 
     </span>
     <span class='ocr_line' id='line_1_29' title="bbox 303 3172 860 3230; baseline 0.005 -4"><span class='ocrx_word' id='word_1_193' title='bbox 303 3172 355 3226; x_wconf 80' lang='lat' dir='ltr'>His</span> <span class='ocrx_word' id='word_1_194' title='bbox 364 3172 457 3228; x_wconf 85' lang='lat' dir='ltr'>saltem</span> <span class='ocrx_word' id='word_1_195' title='bbox 472 3186 558 3229; x_wconf 81' lang='lat' dir='ltr'>vestra</span> <span class='ocrx_word' id='word_1_196' title='bbox 569 3173 649 3230; x_wconf 86' lang='lat' dir='ltr'>detur</span> <span class='ocrx_word' id='word_1_197' title='bbox 660 3176 689 3229; x_wconf 94' lang='lat' dir='ltr'>in</span> <span class='ocrx_word' id='word_1_198' title='bbox 700 3176 766 3229; x_wconf 87' lang='lat' dir='ltr'>urbe</span> <span class='ocrx_word' id='word_1_199' title='bbox 779 3175 860 3229; x_wconf 69' lang='lat' dir='ltr'>locus,</span> 
     </span>
    </p>

    <p class='ocr_par' dir='ltr' id='par_1_16' title="bbox 274 3263 1021 3428">
     <span class='ocr_line' id='line_1_30' title="bbox 274 3263 1021 3335; baseline 0.003 -18"><span class='ocrx_word' id='word_1_200' title='bbox 274 3263 391 3334; x_wconf 87' lang='lat' dir='ltr'>Quoque</span> <span class='ocrx_word' id='word_1_201' title='bbox 403 3264 486 3335; x_wconf 71' lang='lat' dir='ltr'>magis</span> <span class='ocrx_word' id='word_1_202' title='bbox 500 3264 602 3333; x_wconf 77' lang='lat' dir='ltr'>faveas,</span> <span class='ocrx_word' id='word_1_203' title='bbox 615 3284 669 3319; x_wconf 88' lang='lat' dir='ltr'>non</span> <span class='ocrx_word' id='word_1_204' title='bbox 681 3276 745 3320; x_wconf 89' lang='lat' dir='ltr'>sunt</span> <span class='ocrx_word' id='word_1_205' title='bbox 756 3265 812 3319; x_wconf 79' lang='lat' dir='ltr'>baec</span> <span class='ocrx_word' id='word_1_206' title='bbox 822 3264 893 3319; x_wconf 85' lang='lat' dir='ltr'>edita</span> <span class='ocrx_word' id='word_1_207' title='bbox 904 3266 937 3319; x_wconf 90' lang='lat' dir='ltr'>ab</span> <span class='ocrx_word' id='word_1_208' title='bbox 948 3265 1021 3335; x_wconf 82' lang='lat' dir='ltr'>ipso,</span> 
     </span>
     <span class='ocr_line' id='line_1_31' title="bbox 305 3355 854 3428; baseline -0.004 -17"><span class='ocrx_word' id='word_1_209' title='bbox 305 3356 359 3411; x_wconf 88' lang='lat' dir='ltr'>Sed</span> <span class='ocrx_word' id='word_1_210' title='bbox 372 3358 445 3427; x_wconf 87' lang='lat' dir='ltr'>quasi</span> <span class='ocrx_word' id='word_1_211' title='bbox 456 3356 489 3411; x_wconf 89' lang='lat' dir='ltr'>de</span> <span class='ocrx_word' id='word_1_212' title='bbox 500 3355 604 3411; x_wconf 87' lang='lat' dir='ltr'>domini</span> <span class='ocrx_word' id='word_1_213' title='bbox 614 3356 707 3411; x_wconf 83' lang='lat' dir='ltr'>sunere</span> <span class='ocrx_word' id='word_1_214' title='bbox 719 3368 794 3428; x_wconf 84' lang='lat' dir='ltr'>rapta</span> <span class='ocrx_word' id='word_1_215' title='bbox 804 3357 854 3412; x_wconf 90' lang='lat' dir='ltr'>sui.</span> 
     </span>
    </p>

    <p class='ocr_par' dir='ltr' id='par_1_17' title="bbox 272 3447 1000 3608">
     <span class='ocr_line' id='line_1_32' title="bbox 272 3447 1000 3519; baseline 0 -18"><span class='ocrx_word' id='word_1_216' title='bbox 272 3447 412 3519; x_wconf 86' lang='lat' dir='ltr'>Quidquid</span> <span class='ocrx_word' id='word_1_217' title='bbox 424 3449 452 3503; x_wconf 90' lang='lat' dir='ltr'>in</span> <span class='ocrx_word' id='word_1_218' title='bbox 465 3448 506 3503; x_wconf 89' lang='lat' dir='ltr'>bis</span> <span class='ocrx_word' id='word_1_219' title='bbox 516 3450 597 3519; x_wconf 76' lang='lat' dir='ltr'>igitur</span> <span class='ocrx_word' id='word_1_220' title='bbox 608 3449 664 3503; x_wconf 83' lang='lat' dir='ltr'>vitii</span> <span class='ocrx_word' id='word_1_221' title='bbox 677 3447 743 3503; x_wconf 82' lang='lat' dir='ltr'>rude</span> <span class='ocrx_word' id='word_1_222' title='bbox 755 3468 864 3503; x_wconf 70' lang='lat' dir='ltr'>mnnen</span> <span class='ocrx_word' id='word_1_223' title='bbox 876 3448 983 3515; x_wconf 86' lang='lat' dir='ltr'>babebit</span> <span class='ocrx_word' id='word_1_224' title='bbox 990 3487 1000 3515; x_wconf 80' lang='lat'>‚</span> 
     </span>
     <span class='ocr_line' id='line_1_33' title="bbox 306 3538 783 3608; baseline -0.004 -14"><span class='ocrx_word' id='word_1_225' title='bbox 306 3538 517 3608; x_wconf 80' lang='lat' dir='ltr'>Emendaturtu,</span> <span class='ocrx_word' id='word_1_226' title='bbox 529 3540 551 3593; x_wconf 90' lang='lat' dir='ltr'>si</span> <span class='ocrx_word' id='word_1_227' title='bbox 562 3539 688 3607; x_wconf 86' lang='lat' dir='ltr'>licuisset,</span> <span class='ocrx_word' id='word_1_228' title='bbox 701 3559 783 3595; x_wconf 83' lang='lat' dir='ltr'>eram.</span> 
     </span>
    </p>
   </div>
   <div class='ocr_carea' id='block_1_4' title="bbox 121 3656 549 3755">
    <p class='ocr_par' dir='ltr' id='par_1_18' title="bbox 121 3656 549 3755">
     <span class='ocr_line' id='line_1_34' title="bbox 121 3656 549 3755; baseline 0 -24"><span class='ocrx_word' id='word_1_229' title='bbox 121 3660 193 3735; x_wconf 83' lang='lat' dir='ltr'>ltena</span> <span class='ocrx_word' id='word_1_230' title='bbox 208 3658 244 3733; x_wconf 94' lang='lat' dir='ltr'>in</span> <span class='ocrx_word' id='word_1_231' title='bbox 260 3660 330 3747; x_wconf 85' lang='lat' dir='ltr'>Ill,</span> <span class='ocrx_word' id='word_1_232' title='bbox 348 3656 443 3755; x_wconf 77' lang='lat' dir='ltr'>Eleg.</span> <span class='ocrx_word' id='word_1_233' title='bbox 462 3678 549 3732; x_wconf 81' lang='lat' dir='ltr'>xtv:</span> 
     </span>
    </p>
   </div>
   <div class='ocr_carea' id='block_1_5' title="bbox 271 3806 1035 4340">
    <p class='ocr_par' dir='ltr' id='par_1_19' title="bbox 273 3806 1035 3971">
     <span class='ocr_line' id='line_1_35' title="bbox 273 3806 1035 3879; baseline -0.003 -16"><span class='ocrx_word' id='word_1_234' title='bbox 273 3808 345 3863; x_wconf 83' lang='lat' dir='ltr'>Sunt</span> <span class='ocrx_word' id='word_1_235' title='bbox 355 3826 460 3878; x_wconf 86' lang='lat' dir='ltr'>quoque</span> <span class='ocrx_word' id='word_1_236' title='bbox 472 3818 581 3863; x_wconf 70' lang='lat' dir='ltr'>mutatu</span> <span class='ocrx_word' id='word_1_237' title='bbox 592 3816 633 3861; x_wconf 88' lang='lat' dir='ltr'>ter</span> <span class='ocrx_word' id='word_1_238' title='bbox 644 3808 762 3879; x_wconf 85' lang='lat' dir='ltr'>quinque</span> <span class='ocrx_word' id='word_1_239' title='bbox 772 3806 909 3861; x_wconf 79' lang='lat' dir='ltr'>volumina</span> <span class='ocrx_word' id='word_1_240' title='bbox 918 3806 1013 3861; x_wconf 77' lang='lat' dir='ltr'>fornace</span> <span class='ocrx_word' id='word_1_241' title='bbox 1027 3846 1035 3874; x_wconf 89' lang='lat'>,</span> 
     </span>
     <span class='ocr_line' id='line_1_36' title="bbox 307 3900 853 3971; baseline -0.005 -16"><span class='ocrx_word' id='word_1_242' title='bbox 307 3900 436 3957; x_wconf 86' lang='lat' dir='ltr'>Carmina</span> <span class='ocrx_word' id='word_1_243' title='bbox 448 3901 481 3957; x_wconf 90' lang='lat' dir='ltr'>de</span> <span class='ocrx_word' id='word_1_244' title='bbox 493 3900 597 3956; x_wconf 87' lang='lat' dir='ltr'>domini</span> <span class='ocrx_word' id='word_1_245' title='bbox 608 3900 704 3956; x_wconf 83' lang='lat' dir='ltr'>funere</span> <span class='ocrx_word' id='word_1_246' title='bbox 716 3912 790 3971; x_wconf 87' lang='lat' dir='ltr'>rapta</span> <span class='ocrx_word' id='word_1_247' title='bbox 804 3901 853 3955; x_wconf 81' lang='lat' dir='ltr'>sui.</span> 
     </span>
    </p>

    <p class='ocr_par' dir='ltr' id='par_1_20' title="bbox 271 3992 936 4139">
     <span class='ocr_line' id='line_1_37' title="bbox 271 3992 936 4065; baseline -0.003 -17"><span class='ocrx_word' id='word_1_248' title='bbox 271 3992 340 4048; x_wconf 89' lang='lat' dir='ltr'>Illud</span> <span class='ocrx_word' id='word_1_249' title='bbox 352 4014 419 4064; x_wconf 80' lang='lat' dir='ltr'>opus</span> <span class='ocrx_word' id='word_1_250' title='bbox 430 3995 532 4065; x_wconf 88' lang='lat' dir='ltr'>potuit,</span> <span class='ocrx_word' id='word_1_251' title='bbox 544 3996 565 4049; x_wconf 93' lang='lat' dir='ltr'>si</span> <span class='ocrx_word' id='word_1_252' title='bbox 577 4012 632 4046; x_wconf 90' lang='lat' dir='ltr'>non</span> <span class='ocrx_word' id='word_1_253' title='bbox 644 3994 717 4063; x_wconf 86' lang='lat' dir='ltr'>prius</span> <span class='ocrx_word' id='word_1_254' title='bbox 728 3993 782 4063; x_wconf 86' lang='lat' dir='ltr'>ipse</span> <span class='ocrx_word' id='word_1_255' title='bbox 795 3997 936 4063; x_wconf 82' lang='lat' dir='ltr'>perissem,</span> 
     </span>
     <span class='ocr_line' id='line_1_38' title="bbox 307 4084 880 4139; baseline -0.005 -1"><span class='ocrx_word' id='word_1_256' title='bbox 307 4085 415 4139; x_wconf 76' lang='lat' dir='ltr'>Cea-tius</span> <span class='ocrx_word' id='word_1_257' title='bbox 426 4104 441 4139; x_wconf 97' lang='lat' dir='ltr'>a</span> <span class='ocrx_word' id='word_1_258' title='bbox 451 4103 555 4139; x_wconf 86' lang='lat' dir='ltr'>summa</span> <span class='ocrx_word' id='word_1_259' title='bbox 566 4104 667 4139; x_wconf 86' lang='lat' dir='ltr'>nomen</span> <span class='ocrx_word' id='word_1_260' title='bbox 680 4084 778 4138; x_wconf 83' lang='lat' dir='ltr'>habere</span> <span class='ocrx_word' id='word_1_261' title='bbox 788 4102 880 4136; x_wconf 82' lang='lat' dir='ltr'>manu.</span> 
     </span>
    </p>

    <p class='ocr_par' dir='ltr' id='par_1_21' title="bbox 273 4176 952 4340">
     <span class='ocr_line' id='line_1_39' title="bbox 273 4176 888 4247; baseline -0.008 -14"><span class='ocrx_word' id='word_1_262' title='bbox 273 4180 353 4233; x_wconf 88' lang='lat' dir='ltr'>Nunc</span> <span class='ocrx_word' id='word_1_263' title='bbox 362 4178 541 4232; x_wconf 84' lang='lat' dir='ltr'>incorrectum</span> <span class='ocrx_word' id='word_1_264' title='bbox 553 4176 642 4247; x_wconf 85' lang='lat' dir='ltr'>populi</span> <span class='ocrx_word' id='word_1_265' title='bbox 654 4176 776 4246; x_wconf 81' lang='lat' dir='ltr'>pervenit</span> <span class='ocrx_word' id='word_1_266' title='bbox 785 4176 815 4228; x_wconf 87' lang='lat' dir='ltr'>in</span> <span class='ocrx_word' id='word_1_267' title='bbox 825 4194 888 4241; x_wconf 80' lang='lat' dir='ltr'>oca,</span> 
     </span>
     <span class='ocr_line' id='line_1_40' title="bbox 305 4266 952 4340; baseline -0.012 -15"><span class='ocrx_word' id='word_1_268' title='bbox 305 4270 338 4327; x_wconf 87' lang='lat' dir='ltr'>ln</span> <span class='ocrx_word' id='word_1_269' title='bbox 350 4268 441 4340; x_wconf 81' lang='lat' dir='ltr'>populi</span> <span class='ocrx_word' id='word_1_270' title='bbox 452 4268 598 4338; x_wconf 85' lang='lat' dir='ltr'>quidquam</span> <span class='ocrx_word' id='word_1_271' title='bbox 609 4266 631 4322; x_wconf 88' lang='lat' dir='ltr'>si</span> <span class='ocrx_word' id='word_1_272' title='bbox 641 4277 732 4322; x_wconf 87' lang='lat' dir='ltr'>tamen</span> <span class='ocrx_word' id='word_1_273' title='bbox 745 4284 791 4323; x_wconf 80' lang='lat' dir='ltr'>oce</span> <span class='ocrx_word' id='word_1_274' title='bbox 803 4284 896 4322; x_wconf 79' lang='lat' dir='ltr'>meum</span> <span class='ocrx_word' id='word_1_275' title='bbox 906 4275 952 4319; x_wconf 89' lang='lat' dir='ltr'>est.</span> 
     </span>
    </p>
   </div>
   <div class='ocr_carea' id='block_1_6' title="bbox 0 0 1516 5000">
    <p class='ocr_par' dir='ltr' id='par_1_22' title="bbox 0 0 1516 5000">
     <span class='ocr_line' id='line_1_41' title="bbox 0 0 1516 5000; baseline 0 0"><span class='ocrx_word' id='word_1_276' title='bbox 0 0 1516 5000; x_wconf 95' lang='lat' dir='ltr'> </span> 
     </span>
    </p>
   </div>
  </div>
 </body>
</html>
