3017 5000
319 435 386 503 286
648 429 1049 509 DEDICATIONES

297 607 302 617 ·
316 573 501 676 permulcet
517 574 662 650 Ovidius
679 605 688 650 :
706 573 896 650 rationibus
912 573 1184 672 argumentisque
1204 569 1396 672 pertimet,

319 690 461 764 humana
479 688 590 764 omnia
607 718 678 764 esse
694 688 837 763 humane
858 705 891 762 et
913 687 1081 762 moderate
1107 684 1242 760 serenda
1266 714 1275 757 :
1298 681 1398 758 molli

315 806 547 906 objurgatione
565 805 737 907 querelas,
755 802 1002 905 muliebresqne
1015 800 1209 903 ejulationes
1225 801 1374 876 excutiet
1387 829 1399 888 ;

318 926 464 998 virorum
482 922 619 1000 fortium
637 922 798 1024 exemplis
816 922 986 1018 singultus
1011 938 1160 1022 premet,
1185 947 1225 994 ac
1237 917 1399 994 recondet

315 1039 475 1133 gemitus3
488 1036 698 1111 adlocutione
707 1035 830 1114 blanda
839 1035 998 1138 lacrymas
1004 1034 1228 1130 abstergebit3
1239 1051 1273 1108 et
1283 1059 1399 1107 verum

316 1183 387 1228 esse
413 1153 674 1244 demonstrabit,
692 1153 785 1255 quod
807 1153 854 1228 ait
869 1153 904 1226 in
923 1152 1073 1226 oratioue
1088 1150 1152 1247 sql
1173 1149 1268 1248 siplae
1292 1148 1399 1224 diser-

319 1271 468 1347 tissimus
487 1300 523 1346 ac
541 1269 754 1346 suavissimus
770 1269 886 1344 rhetor
900 1270 1065 1350 Isocrates
1083 1298 1090 1340 :
1106 1269 1175 1346 τοῖς
1195 1268 1315 1356 ψυχαῖς
1328 1268 1399 1344 τοῖς

316 1391 464 1468 recedente
479 1387 566 1464 edelr
580 1387 644 1460 ieri
664 1387 747 1460 οἷλλο
764 1389 917 1484 φοίρμαιον
935 1382 1013 1456 emb
1025 1385 1124 1480 siper.
1149 1381 1285 1479 Quibus
1309 1411 1399 1456 euu-

315 1505 463 1580 sentiunt
479 1505 548 1602 haec
565 1503 601 1576 in
619 1503 726 1577 scenis
743 1520 776 1576 et
792 1500 916 1580 scholis
931 1500 1102 1582 decantata
1120 1530 1127 1570 :
1146 1496 1250 1586 rusb
1272 1504 1399 1577 οοοοόοκ

317 1621 385 1696 tiele
411 1623 504 1717 ἲοοηοοιΙ
522 1617 615 1708 tripos·
633 1617 720 1708 tuipse
736 1619 794 1716 peip
809 1617 875 1691 ieri
897 1616 1047 1716 φάρμακον
1063 1614 1155 1694 stes
1170 1614 1260 1702 uita·
1277 1618 1292 1688 i
1309 1615 1398 1702 λα’φκ

317 1733 413 1830 imple
429 1731 464 1803 od
482 1731 564 1804 κοιτοὲ
585 1731 683 1821 texis
708 1732 821 1813 πάθους.
848 1734 976 1830 Nempe
997 1746 1036 1803 ut
1057 1756 1154 1802 canes
1178 1725 1314 1802 vulnera
1335 1757 1398 1802 sna

315 1845 493 1922 lambendo
517 1864 652 1933 sanant,
676 1845 808 1944 illisque
829 1875 893 1946 pro
916 1845 1157 1919 medicamento
1180 1862 1231 1919 est
1256 1844 1397 1942 lingua,

316 1967 363 2039 sic
376 1964 485 2036 animo
499 1979 644 2057 aegroto,
660 1978 693 2033 et
706 1961 776 2035 ictu
789 1960 916 2036 doloris
930 1963 1063 2052 saucio,
1078 1963 1231 2038 salutaris
1244 1981 1296 2037 est
1310 1982 1398 2038 tem-

318 2081 444 2182 pestive
456 2079 605 2152 adhibita
617 2076 781 2152 orationis
792 2077 965 2188 medicina.
986 2065 1158 2155 Memoriae
1175 2080 1400 2181 prodiderunt

314 2195 527 2270 Democritus
538 2211 571 2268 et
580 2193 834 2294 Theophrastus
848 2195 1038 2295 viperarum
1050 2195 1291 2297 hominumque
1306 2226 1397 2271 mor-

316 2341 373 2386 sus
390 2311 593 2413 quibusdam
614 2310 771 2384 tibiarum
789 2311 938 2385 infractis
955 2311 1245 2387 modulationibus
1262 2313 1397 2387 curari:

317 2428 409 2531 quod
421 2448 455 2503 et
471 2427 658 2503 ischiadicis
672 2427 864 2505 existimant
877 2428 1037 2530 prodesse
1052 2429 1243 2533 plurimum.
1268 2430 1397 2505 Contra

317 2576 421 2648 quum
439 2545 605 2645 Phrygios
623 2545 744 2621 modos
762 2544 887 2618 tibicen
900 2546 1086 2631 incinebat,
1105 2546 1201 2646 quasi
1217 2546 1397 2647 repentino

227 2740 233 2751 ,
298 2729 301 2735 .
315 2667 427 2742 lurore
443 2692 482 2737 ac
493 2664 586 2739 rabie
605 2663 739 2765 perciti,
762 2662 849 2737 Galli
871 2662 1036 2763 Cybeles,
1053 2664 1177 2737 ferrum
1190 2665 1224 2737 in
1238 2692 1273 2738 se
1292 2663 1397 2739 attin-

317 2780 455 2876 gebant,
469 2775 655 2855 e'tmembra
665 2809 723 2855 sua
734 2778 923 2867 laniabant,
938 2808 1012 2881 qne
1021 2781 1150 2854 utinam
1158 2780 1394 2855 insanio-tanto

316 2894 490 2969 intervallo
509 2896 552 2969 ad
569 2923 683 2969 eorum
701 2894 842 2991 gentiles
860 2924 930 2969 non
951 2894 1165 2998 perrenisset.
1190 2898 1268 2969 Non
1291 2895 1394 2971 dissi·

317 3008 406 3086 milis
424 3026 474 3084 est
491 3008 541 3083 vis
557 3010 718 3086 orationis
736 3028 770 3083 et
784 3007 941 3096 facultas,
964 3012 1036 3111 quai
1059 3010 1088 3084 si
1111 3010 1338 3085 vehementius
1358 3012 1394 3084 in

316 3153 411 3199 aures
429 3125 634 3205 audientium
649 3124 855 3212 infunditur,
874 3125 1087 3227 quantumvis
1105 3127 1233 3229 quietas
1249 3146 1283 3201 et
1297 3128 1395 3201 seda·

317 3262 368 3317 tas
385 3259 513 3316 mentes
529 3240 675 3321 concitat
691 3271 727 3315 ac
745 3242 919 3342 perturbat
942 3274 950 3315 ε
972 3242 1025 3316 sin
1040 3241 1144 3316 levius
1167 3242 1296 3331 inlluit,
1314 3270 1394 3343 per-

316 3361 467 3435 turbatas
484 3376 517 3432 ct
530 3360 712 3437 concitatas
728 3361 836 3447 sedat,
852 3360 994 3461 oleoque
1009 3359 1255 3461 tranquilliores
1268 3362 1391 3439 reddit.

317 3477 364 3548 At
381 3475 452 3548 iste
469 3471 774 3576 philosophorum,
794 3502 867 3556 non
889 3493 1079 3564 oratorum,
1097 3494 1176 3549 sunt
1197 3471 1393 3553 consolandi

317 3592 452 3691 partes?
469 3591 563 3688 Quid
581 3593 610 3665 si
623 3590 846 3695 philosophos
863 3591 957 3693 ipsos
973 3592 1149 3666 ostendero
1169 3620 1251 3667 suos
1274 3593 1394 3667 hortu·

318 3705 388 3793 los,
408 3709 497 3781 unde
519 3708 662 3785 remedia
678 3708 807 3783 morbis
827 3708 1013 3783 animorum
1030 3726 1167 3810 petunt,
1186 3710 1300 3784 Ovidii
1318 3711 1392 3785 son-

320 3820 412 3897 tibus
428 3822 607 3917 irrigasse?
622 3823 778 3923 Optime,
797 3844 837 3898 ut
850 3825 995 3898 measert
1012 3826 1148 3928 opinio,
1165 3824 1206 3898 de
1221 3824 1315 3900 luctu
1331 3826 1392 3900 nri·

292 3974 301 3991 ·
319 3939 453 4019 truendo
466 3942 600 4043 scripsit
613 3942 650 4017 L.
665 3941 812 4017 Annaeus
826 3943 959 4016 Seneca.
973 3942 1138 4039 Perlegite
1152 3944 1224 4043 ejus
1236 3944 1391 4018 consola·

320 4056 478 4139 tionesad
489 4056 679 4159 Polybium,
691 4057 824 4133 Claudii
835 4059 974 4135 Gestaris
982 4059 1156 4148 libertum,
1169 4061 1212 4134 ad
1222 4061 1389 4149 Martiam,

318 4173 424 4257 Cordi
440 4175 600 4255 Cremutii
610 4174 734 4265 filium
749 4174 792 4250 ad
801 4174 954 4253 Helviam
966 4196 1103 4253 matrem
1120 4209 1127 4251 :
1143 4176 1209 4252 nisi
1217 4178 1302 4252 mihi
1311 4206 1388 4253 con-
