3017 5000
24 553 26 624 ,
470 501 736 572 rnovrnrr
760 500 884 570 ram.
1171 505 1215 594 59

24 627 25 676 ³
145 640 206 728 lat,
222 639 433 736 Pedalium
454 641 506 716 ll.
525 639 1079 740 rodselmnonuumr.
1097 641 1149 714 lib.
1169 641 1225 714 ΙΙ

24 833 26 858 9
145 755 355 832 deelrbrem
371 755 520 834 Areol'run
531 787 543 843 ,⁰
555 759 673 832 iterum
684 812 694 845 ,
706 757 840 859 Praesat.
852 758 907 832 tib.
923 757 1002 831 III
1008 757 1054 830 od
1060 756 1197 830 Polliam
1204 785 1219 841 ;

146 874 237 948 ettib.
252 873 533 978 IVHerdeeosyl.
549 875 752 950 odPIotrirrn.
771 875 975 972 Quinetiam
987 873 1217 975 jurisconsulti

148 1019 182 1066 ea
193 991 358 1076 carmina,
376 991 501 1091 quibus
514 989 654 1091 alicujus
666 993 752 1066 foma
767 991 1017 1094 proscinditur,
1034 989 1223 1090 cujusmodi

149 1127 223 1184 snm
239 1110 303 1186 ista
319 1109 502 1194 Ovidiaua,
512 1111 651 1203 [σηοως
664 1110 786 1184 absos
797 1127 928 1184 vocant.
940 1111 1021 1183 llaec
1032 1125 1143 1182 autem
1155 1108 1221 1180 mi-

147 1249 226 1296 nora
250 1221 393 1296 fortasse
413 1222 636 1313 ridebuntur,
653 1250 752 1324 quarn
768 1241 809 1296 ut
823 1222 1105 1297 animadversione
1121 1221 1222 1316 (ligna

149 1355 265 1412 esent.
285 1339 409 1414 Parum
427 1338 515 1412 euim
528 1337 718 1440 reipublicae
731 1338 884 1414 literaria
897 1339 1035 1414 interest
1052 1338 1148 1412 Dim
1160 1363 1223 1418 ne,

149 1479 189 1526 au
211 1452 357 1526 Ir'beilus
371 1452 436 1528 lroc
451 1453 644 1554 poemation
659 1454 862 1530 inscribatur
882 1481 891 1526 t
912 1481 1025 1526 verum
1041 1450 1222 1548 legitimam

150 1569 381 1672 scriptionem,
398 1589 497 1671 atque
514 1571 620 1673 ipsam
636 1571 784 1660 Nasonis
800 1597 936 1645 manum
951 1572 1125 1645 immutare
1141 1567 1227 1642 nulli

149 1717 206 1790 per
220 1716 275 1762 me
292 1687 416 1764 licebit.
435 1691 483 1762 Ut
500 1706 540 1762 ut
556 1689 620 1774 sit,
646 1689 791 1762 Nasonis
809 1706 925 1763 votum
942 1715 1039 1762 omne
1054 1689 1089 1760 iu
1106 1684 1227 1775 malis,

151 1805 328 1892 monstris,
344 1805 492 1892 morbis,
518 1803 663 1891 exsiliis,
681 1804 876 1906 suppliciis,
895 1803 1022 1906 plagis,
1040 1804 1227 1890 mortibus,

153 1920 340 2019 eujusmodi
357 1949 489 2022 cannen
505 1919 590 1994 diras
605 1918 838 2022 appellabant,
853 1921 946 2020 quod
957 1918 1022 1994 ille
1038 1919 1164 1994 scilieet
1175 1917 1231 1992 ul-

154 2035 251 2112 trices
268 2037 356 2112 Deae‘
367 2053 579 2138 putarentur,
597 2063 739 2138 quarum
761 2037 900 2111 numina
914 2036 1072 2137 precibus
1094 2037 1130 2108 iu
1145 2033 1231 2108 hos-

155 2151 253 2238 tium,
267 2169 328 2226 aut
336 2151 547 2228 immicomm
558 2151 736 2254 perniciem
743 2170 969 2226 evocarentur.
986 2153 1137 2226 Priscum
1145 2148 1231 2223 illud

155 2266 308 2366 quidem,
327 2285 428 2368 'atque
442 2268 478 2342 iu
492 2268 599 2344 scenis
611 2267 757 2369 primurn
771 2269 954 2364 agitatum,
968 2295 1046 2342 mox
1062 2267 1105 2341 ad
1118 2295 1232 2341 reeen-

156 2382 277 2456 tiorum
296 2384 423 2458 animos
434 2384 737 2474 accommodatum,
757 2405 796 2460 ut
808 2385 1022 2459 observatum
1034 2400 1086 2458 est
1101 2413 1121 2458 a
1137 2381 1230 2457 Julio

155 2496 341 2597 scaligero,
359 2500 502 2575 Poeticae
527 2500 584 2575 lib.
606 2500 655 2593 Ι,
671 2528 738 2602 rap.
760 2500 816 2575 53.
839 2504 1032 2577 Exornatur
1045 2519 1174 2591 autem,
1192 2518 1231 2575 ut

154 2612 224 2713 ipse
241 2612 311 2701 ait,
335 2614 508 2691 sententiis
525 2643 594 2688 uon
611 2612 822 2711 vulgaribus,
849 2633 884 2690 et
898 2615 998 2689 variis
1013 2614 1230 2690 historiarum

157 2730 379 2826 ambagibus,
405 2730 516 2830 qualia
539 2731 674 2833 scripsit
701 2732 844 2805 Ovidius
870 2732 905 2803 iu
926 2731 1016 2803 lbin.
1038 2732 1080 2803 ln
1100 2729 1232 2804 Horatii

156 2847 277 2950 Epodo
296 2846 422 2950 aliquid
441 2848 593 2944 imaginis
610 2866 662 2922 est
675 2876 683 2921 :
698 2846 888 2949 expressior
902 2846 993 2948 apud
1012 2844 1180 2921 Catullum
1195 2846 1232 2919 in

158 2963 313 3039 Ariadna
328 2964 584 3066 conquestione,
608 2981 641 3037 ct
661 2962 698 3036 iu
715 2982 836 3065 quarto
852 2964 1023 3039 AEueidos.
1051 2966 1135 3038 ltem
1159 2992 1233 3065 quae

160 3078 273 3153 fundit
289 3078 460 3153 Statiauus
479 3076 653 3179 OEdipus,
677 3098 811 3180 sumpta
828 3079 869 3153 de
889 3078 1012 3154 Grecis
1027 3079 1177 3175 tragicis,
1196 3098 1235 3152 ut

162 3216 194 3271 et
210 3199 342 3272 Seneca
358 3197 508 3272 Theseus
526 3224 565 3271 ex
583 3196 756 3299 Euripide.

523 3505 730 3595 CAPUT
772 3504 868 3591 ΙΙΙ.

163 3692 371 3733 resonuerunt
382 3692 497 3731 eruerer.
514 3691 611 3745 ouans
623 3688 821 3731 caramerus
834 3688 1015 3728 saoceonrun
1027 3672 1115 3728 ternu
1122 3690 1237 3727 rosisse

198 3775 377 3829 revocure,
399 3774 513 3817 cosm
530 3774 708 3828 mmmm,
729 3772 858 3823 accurs,
878 3772 1031 3824 accersere,
1055 3771 1092 3811 ιτ
1105 3770 1236 3811 aerosum

196 3860 520 3901 smexrrarr.roass1s
534 3860 656 3901 nxuxsu
668 3858 778 3901 cusos.
789 3857 962 3899 rurermrcrx.
975 3856 1041 3895 aua
1051 3856 1134 3898 sciro
1144 3855 1239 3897 orcus.

168 3967 380 4075 Ovlltltts
404 4000 468 4073 boc
495 3996 612 4072 libello
635 3998 753 4071 nescio
778 4024 876 4099 quem
899 3996 963 4069 sub
980 3995 1087 4069 Ibidis
1104 3994 1239 4067 nomine

169 4115 321 4217 graphice
338 4131 534 4190 exornatum
548 4112 643 4187 Diris
664 4112 804 4187 devoret
820 4140 829 4183 r
846 4138 944 4185 eausa
959 4108 1080 4211 triplex
1091 4107 1135 4181 ab
1152 4108 1242 4207 ipso·

169 4249 234 4307 met
249 4230 400 4307 affertur.
417 4229 489 4305 lbis
508 4228 623 4306 Ovidii
638 4256 761 4305 nomeu
774 4226 903 4327 ubique
917 4223 1099 4301 maledictis
1113 4222 1241 4296 lacera·
1280 4298 1284 4305 ,
