3017 5000
317 469 386 538 nc
410 469 450 536 r.
479 467 683 539 ovrnro
706 462 933 538 assona.
1103 467 1174 561 3⁶9

106 635 153 681 eos
166 635 206 678 ne
223 608 432 677 intercidisse
448 607 602 701 quidem,
621 605 681 674 sed
697 633 870 700 nunquam
886 632 956 675 esse
968 609 1111 701 scriptos
1129 609 1172 677 ab

107 720 237 804 Ovidio,
258 721 404 787 loannes
421 721 556 786 Messon
569 721 605 784 in
620 721 688 802 ejus
705 721 788 802 vita,
808 743 884 812 pag.
908 743 983 812 ¹7²·
1001 719 1176 790 contendit

108 853 140 896 er
149 831 197 898 his
208 832 278 914 ejus
292 826 444 895 versibus
456 829 562 894 Trist.
580 828 627 894 11.
644 825 712 920 549
729 854 737 895 a

192 1038 242 1094 Sex
254 1055 304 1108 ego
315 1037 456 1092 Fastorum
470 1036 522 1102 (sc.
533 1036 650 1102 menses)
660 1035 750 1106 scripsi
761 1076 769 1103 ,
783 1036 948 1108 totidemque
959 1037 1074 1104 libellos3

225 1127 350 1202 Cumque
362 1147 411 1182 suo
423 1128 507 1182 finem
519 1146 611 1182 mense
624 1127 749 1181 volumen
763 1128 851 1182 hahet
957 1125 962 1139 “

194 1219 278 1290 ldque
297 1231 344 1274 tuo
357 1238 444 1288 nuper
455 1219 582 1288 scriptum
593 1219 641 1273 suh
654 1219 785 1284 nomine,
804 1217 911 1298 Cesar,

226 1311 263 1366 Et
274 1310 322 1364 tibi
333 1320 466 1365 sacratum
477 1329 533 1364 sors
547 1327 608 1364 mea
619 1309 691 1381 rupit
699 1309 745 1378 (ne
759 1330 793 1364 sc.
808 1309 985 1380 absolverem)
996 1331 1069 1384 opus.

146 1501 242 1570 Certe
253 1523 353 1568 nemo
367 1512 520 1568 veterum
536 1512 602 1583 est,
623 1501 682 1592 qui
699 1525 738 1568 er
753 1500 997 1592 posterioribus
1012 1500 1109 1569 libris
1123 1503 1179 1572 ul·

108 1611 167 1676 lam
181 1635 214 1678 se
228 1607 349 1677 vidisse
364 1622 525 1693 testetur,
543 1609 597 1676 vel
618 1608 800 1676 verbulum
812 1634 852 1676 ex
867 1609 933 1676 illis
947 1608 1083 1677 reserat.
1102 1611 1131 1679 F
1132 1612 1181 1679 al·

107 1717 180 1784 litur
191 1716 495 1784 RabanusMaurus
506 1715 569 1784 lih.
584 1717 629 1784 V.
645 1715 688 1783 de
698 1716 886 1800 Universo,
901 1741 974 1809 cap.
989 1719 1031 1799 5,
1050 1731 1133 1786 tom.
1147 1722 1178 1787 Ι.

110 1825 189 1919 Opp.
205 1849 283 1919 pag.
307 1851 371 1919 993
387 1839 422 1893 et
437 1826 639 1895 Vincentius
656 1823 823 1893 Bellovac.
845 1824 907 1892 lib.
927 1830 944 1894 1
964 1825 1101 1919 Speculi
1119 1827 1181 1894 do·

110 1934 265 2020 chinalis3
281 1936 342 2026 qui
357 1936 462 2001 secuti
480 1933 650 2001 Isidorum
665 1931 727 1999 lih.
746 1931 813 2012 Vl,
841 1957 913 2025 cap.
938 1935 958 1999 8
980 1934 1177 2026 Originum,

110 2042 207 2126 aiant,
235 2040 351 2110 Ovidii
374 2042 475 2111 lrhros
489 2047 666 2134 fastorum
690 2041 777 2125 dici,
805 2043 898 2132 quod
915 2043 959 2110 de
979 2043 1126 2135 Regibus
1149 2063 1184 2113 et

114 2150 300 2219 Consulibus
318 2151 401 2218 editi
421 2156 499 2220 sint.
520 2153 568 2219 Ex
584 2149 795 2220 Bibliotheca
808 2148 963 2219 Gudiana
979 2155 1085 2244 quum¹
1106 2179 1183 2247 pars

112 2259 263 2328 Codicum
277 2283 356 2326 mss.
371 2276 380 2302 ¹
393 2285 455 2352 per
467 2263 658 2328 auctionem
669 2258 876 2352 limburgi,
893 2285 973 2329 ann.
996 2264 1094 2355 1706.
1112 2263 1182 2330 dis·

111 2370 301 2452 traheretur,
314 2381 429 2436 nactus
439 2393 512 2434 sum
522 2393 662 2460 parvum
673 2368 831 2434 volumen
843 2369 951 2437 in-fol.
964 2372 1089 2439 minori
1101 2371 1182 2440 cha·

110 2489 224 2547 ractere
237 2491 273 2547 et
284 2475 519 2570 frequentibus
530 2473 739 2569 compendiis
751 2475 927 2545 literarum
936 2481 974 2545 in
984 2480 1180 2551 membrana

111 2599 266 2653 uantum
278 2597 357 2651 ante
370 2607 473 2651 annos
480 2596 660 2665 trecentos,
675 2585 711 2649 iu
725 2608 793 2675 quo
804 2586 1022 2654 continentur
1031 2588 1181 2681 glossulas

110 2714 198 2785 super
223 2690 344 2761 Ovidii
364 2690 675 2782 Metamorphosin,
704 2689 746 2757 de
771 2689 965 2775 Tristibus,
991 2695 1179 2787 Epistolas,

111 2798 200 2868 libros
215 2800 260 2868 de
278 2802 401 2881 Fastis,
421 2798 463 2865 de
482 2802 607 2881 Ponto,
628 2812 662 2866 et
677 2822 778 2892 super
791 2799 958 2869 Ovidium
971 2804 1043 2870 sine
1061 2806 1177 2888 titulo,

112 2910 166 2980 hoc
180 2927 227 2982 est
243 2914 299 3001 (ut
311 2884 412 3005 supia
425 2912 561 3000 monui)
573 2912 740 2977 Amorum
755 2907 881 2992 libros,
899 2936 1044 2981 necnon
1057 2916 1183 2985 insta-

111 3024 146 3089 tii
158 3020 369 3091 Thebaidem
385 3033 420 3088 et
435 3017 680 3099 Achilleidem,
701 3016 925 3086 Claudianum
941 3033 976 3087 et
997 3024 1179 3091 Asianum.

114 3129 227 3199 Glosais
243 3134 280 3197 iu
295 3132 411 3199 Festos
427 3128 606 3213 subjicitur
618 3126 878 3209 Kalendsrium,
897 3128 996 3220 quale
1015 3128 1181 3200 editiones

73 3223 77 3240 .
115 3242 276 3309 exhibent.
297 3242 427 3307 Auctor
440 3237 593 3330 quisquis
613 3248 663 3304 est
685 3234 925 3327 glossularum,
946 3249 1080 3321 monet,
1098 3239 1183 3306 Ovi·

115 3347 200 3421 dium
219 3348 262 3416 de
281 3346 372 3415 lastis
395 3358 429 3412 et
450 3344 584 3411 nefastis
607 3341 725 3409 diehus
748 3366 863 3434 agere,
887 3354 978 3409 ortus
1002 3356 1036 3410 et
1052 3368 1185 3415 occasus

115 3472 220 3526 notare
230 3461 417 3549 signorum,
433 3467 468 3522 et
478 3454 718 3522 Germanicum
730 3451 821 3518 illius
829 3454 907 3519 anni
917 3476 1087 3519 summum
1099 3458 1186 3522 Pon·

116 3564 230 3632 tilicem
243 3568 411 3631 instruere
425 3564 460 3627 in
470 3558 860 3627 sacrificiis.Vincentius
872 3560 1035 3644 Gravius,
1049 3560 1139 3629 libro
1152 3565 1182 3646 l,

117 3670 154 3739 dc
168 3677 296 3741 ratione
311 3674 448 3740 Poetica
457 3720 467 3753 ,
486 3692 561 3763 pag.
585 3690 642 3735 ror
665 3695 674 3735 ·.
695 3668 815 3738 Omma
831 3692 867 3734 se
883 3692 956 3734 non
969 3674 1000 3735 si
1002 3672 1105 3761 fosse
1118 3670 1188 3737 las-

117 3786 195 3849 ciato
205 3799 343 3879 ponere
353 3778 447 3845 dalla
456 3782 616 3871 preraezza
625 3776 714 3845 della
725 3802 788 3843 sua
797 3801 901 3858 uena,
912 3778 1060 3871 sfuggr'to
1072 3778 1189 3847 arreb-

119 3886 154 3957 he
168 3895 248 3980 ogni
261 3884 428 3969 curanda,
449 3908 585 3953 saccomc
607 3882 643 3951 la
659 3886 781 3977 ffugge
801 3889 856 3952 nei
879 3887 1006 3966 Fasti,
1041 3908 1100 3954 ove
1119 3911 1191 3953 non

120 4022 231 4067 manca
253 3996 346 4065 nulla
372 3997 409 4063 di
430 3999 543 4087 puritd
566 4020 585 4062 e
608 3992 645 4061 di
672 4012 851 4099 escuem.
882 3993 1051 4061 Giselinus
1072 3978 1193 4062 habuit

150 4202 158 4231 ¹
175 4199 287 4270 Reliqua
303 4208 331 4253 st
343 4198 430 4267 major
441 4216 500 4268 pars
514 4205 661 4253 asservatur
672 4194 702 4247 iu
713 4194 879 4251 Bibliotheca
890 4192 980 4248 Guell.

238 4304 356 4379 VIII.
592 4332 595 4337 ·
966 4298 1011 4381 al
