3017 5000
339 460 398 523 182
663 459 701 523 P.
732 458 911 527 0v1n11
936 458 1069 525 VITA

336 594 459 671 cembri
477 624 529 669 nn.
551 598 593 669 U.
614 598 655 671 C.
673 614 850 685 nccml,
868 628 888 671 a
904 626 974 699 qno
988 616 1136 700 tempore
1149 599 1191 674 ad
1204 602 1405 677 nx'Sextilis

337 710 425 785 diem
442 712 519 787 unni
537 712 772 812 subsequentis
787 712 957 787 intersunt
970 730 1039 788 octo
1053 740 1193 789 menses.
1222 718 1269 790 At
1294 717 1406 791 obscr-

337 826 502 909 vandum,
521 826 618 899 istam
641 825 818 927 epistolam
835 827 872 901 in
894 827 1004 902 exsilii
1021 828 1115 916 loco,
1133 846 1313 930 postquem
1329 856 1407 904 nun-

339 943 405 1017 tius
423 942 464 1017 de
482 942 578 1015 Fabii
598 958 632 1015 et
649 944 798 1038 Augusti
819 961 928 1018 morte
951 943 995 1017 ed
1018 944 1178 1019 Ovidium
1201 964 1408 1045 pervenerat,

339 1056 497 1156 scriptam
516 1082 596 1130 esse.
615 1056 708 1151 Ergo
726 1057 859 1131 circiter
875 1058 1087 1158 Septembris
1102 1060 1227 1132 exitum
1244 1058 1356 1161 potnit
1369 1060 1410 1133 ci-

339 1176 503 1251 tissimum
514 1174 798 1253 mittiTumvcro
809 1189 915 1249 sextus
924 1174 1030 1249 exsilii
1041 1203 1149 1249 annus
1158 1176 1195 1247 in
1203 1175 1294 1249 exitu
1301 1176 1412 1251 fnisset

338 1293 407 1365 sere
424 1290 562 1363 omnino
580 1289 772 1378 absolutus,
791 1319 855 1391 pro
874 1290 1000 1364 Norisii
1017 1290 1189 1365 sententio.
1218 1292 1295 1364 Hoc
1309 1310 1412 1365 tamen

341 1436 411 1483 nnn
429 1404 618 1501 significent
634 1405 750 1481 Ovidii
775 1406 894 1493 verbu
917 1406 1000 1508 quin
1017 1407 1133 1506 potins
1147 1404 1233 1481 dare
1247 1407 1412 1493 indicant,

345 1542 416 1599 tum
428 1523 558 1597 edurum
576 1522 722 1608 horma,
740 1550 798 1597 seu
814 1537 936 1597 sextum
951 1520 1059 1595 exsilii
1070 1550 1196 1597 annum
1211 1522 1314 1597 modo
1328 1524 1413 1597 ince-

339 1638 447 1739 pisse,
465 1666 569 1738 quum
587 1636 730 1713 Ovidius
747 1667 785 1713 ce
807 1638 977 1715 scriberet.
1002 1639 1132 1715 ldcircn
1155 1639 1233 1714 hinc
1250 1658 1364 1715 nostra
1378 1640 1414 1715 de

340 1748 428 1833 anno
447 1758 491 1831 U.
506 1758 546 1830 C.
561 1774 725 1845 ltceffll,
742 1785 803 1833 cen
821 1757 981 1833 Ouidiani
992 1758 1101 1833 exsilii
1116 1758 1264 1861 epocha,
1282 1760 1416 1833 demon·

341 1892 466 1951 stratur
490 1874 663 1949 sententie.
692 1874 828 1949 Etenim
842 1876 886 1949 ab
906 1874 1051 1949 Octobri
1068 1874 1119 1949 vel
1137 1876 1322 1951 Novembri
1338 1877 1416 1976 ejus-

341 1993 418 2067 dem
429 1991 507 2069 anni
519 1992 561 2067 ad
571 1990 769 2067 alterutrum
780 2020 928 2067 mensem
939 2021 993 2066 m.
1009 1994 1054 2064 U.
1068 1992 1106 2065 C.
1122 1998 1314 2079 nemun,
1333 1986 1416 2065 cnm-

338 2111 469 2213 pletum
494 2110 638 2189 hebrun
662 2112 802 2185 lustrent.
839 2109 1002 2211 Adeoque
1028 2108 1162 2185 laudate
1178 2110 1340 2211 epistola,
1363 2136 1417 2184 sen

341 2226 468 2322 elegia,
496 2225 666 2301 Decembri
692 2252 859 2299 summum
885 2224 985 2298 istius
1008 2225 1087 2299 anni
1106 2225 1306 2299 concinnata
1331 2224 1416 2311 fnit;

342 2358 446 2445 quum
460 2342 656 2441 quinquennes
675 2341 863 2444 obruptus,
885 2340 953 2413 sive
963 2337 1106 2413 lustrdm
1120 2342 1312 2415 Romanum
1327 2339 1419 2441 qnin-

228 2500 230 2507 ·
342 2488 409 2564 que
428 2486 607 2544 annornm,
626 2456 729 2532 modo
745 2471 916 2557 peractum
934 2473 1036 2543 esset,
1055 2484 1093 2532 ac
1113 2460 1297 2534 secundnm
1318 2456 1420 2535 exsilii

345 2577 501 2654 Ouidiani
516 2573 659 2650 lustrum
670 2575 738 2673 jam
753 2573 863 2646 iniret.
878 2573 1010 2646 Transit
1024 2573 1130 2664 enin,
1144 2575 1206 2664 ait,
1222 2575 1421 2679 inpraesenti

343 2694 520 2776 nimirum,
538 2717 608 2765 nnn
623 2688 792 2790 preterito
804 2705 1002 2790 ,temporm
1020 2705 1138 2787 tmpus
1153 2691 1328 2765 modulus
1339 2691 1426 2766 lustri

345 2824 471 2906 ternpus.

397 2947 429 2996 2.
443 2921 569 2998 Eadem
581 2938 696 2997 nostra
712 2918 875 2998 senoeutie
888 2917 996 2993 valide
1008 2948 1047 2995 cx
1060 2921 1190 3008 Ponto,
1209 2919 1268 2996 lib.
1282 2924 1344 3010 IV,
1358 2924 1420 3022 Ep.

347 3061 433 3129 xlll,
451 3039 684 3124 conlimatur,
702 3039 765 3112 etsi
781 3035 821 3110 cl.
841 3038 998 3112 Norisius
1009 3039 1087 3114 inde
1104 3067 1172 3114 suu
1188 3067 1295 3115 causa
1308 3040 1422 3114 subsi-

347 3162 440 3236 dium
457 3176 559 3260 petat.
578 3155 721 3230 Ovidius
739 3155 827 3229 enim
845 3155 971 3230 ibidem
987 3185 1114 3232 annum
1129 3154 1236 3240 exsilii
1251 3157 1423 3234 manifeste

348 3275 501 3372 designat
515 3301 598 3346 vers.
620 3270 716 3372 39ct
734 3271 801 3363 40:

643 3403 744 3459 sedmc
758 3403 831 3471 iam,
845 3399 933 3472 Care,
952 3403 1031 3457 nivali

511 3497 589 3552 Sexta
604 3495 752 3565 relegatum
764 3499 851 3548 &urna
862 3495 912 3552 sul>
922 3513 968 3550 aue
982 3494 1064 3549 ridet.
1134 3536 1138 3543 .

349 3613 511 3713 Superius
538 3630 648 3691 aretem
674 3611 791 3686 obitus
814 3612 978 3712 Augusti,
999 3641 1037 3688 ec
1062 3613 1281 3688 successionis
1308 3614 1430 3687 Tiberii

349 3729 549 3808 mentionem
562 3730 733 3826 injecerat,
747 3727 788 3802 de
797 3724 914 3802 libello
929 3726 1083 3828 loquens,
1099 3757 1199 3830 quem
1207 3729 1242 3804 in
1250 3727 1428 3831 utriusque

348 3841 479 3917 laudem
496 3843 613 3916 Getico
628 3869 780 3916 sermone
791 3840 985 3942 scripserat,
999 3860 1038 3920 ut
1052 3843 1245 3920 inserinsad
1256 3872 1311 3921 au.
1326 3845 1371 3917 U.
1387 3843 1425 3916 G

350 3979 540 4048 DCCvall,
557 3957 722 4060 prolixius
739 3959 962 4036 ostendemus.

399 4081 508 4174 Igitur
524 4075 643 4182 hyems,
661 4105 760 4178 quum
774 4076 917 4154 Ouidius
929 4093 1049 4155 sextum
1065 4081 1119 4155 sni
1131 4079 1238 4154 exsilii
1257 4095 1375 4168 vocnt,
1392 4106 1429 4153 ea

348 4212 435 4283 erut,
452 4222 525 4294 quae
539 4191 684 4290 Augusti
697 4210 838 4269 mortem
851 4211 963 4271 secuta
974 4211 1042 4283 est,
1061 4193 1096 4270 id
1112 4212 1178 4285 est,
1196 4221 1269 4295 qnae
1283 4222 1324 4268 eo
1339 4219 1429 4268 anno
