3017 5000
251 481 293 564 48
521 484 561 549 P.
601 484 786 552 ovtnn
817 485 1045 555 NASONIS

250 624 330 719 Qua
346 650 405 696 sua
422 623 611 698 Pentbiden
629 624 742 728 proles
762 642 812 699 est
828 610 899 700 ulta
918 627 1125 727 Lycurgum,

299 739 378 811 Haec
394 757 522 813 maneat
539 739 594 814 teli
615 758 645 816 tc
664 769 800 842 quoque
817 740 917 842 plaga
930 743 1022 816 nori.

251 854 365 952 thue
381 851 513 942 Milon,
532 856 638 929 robur
654 855 811 929 diducere
825 855 927 929 fissile
945 873 1067 943 tentes,

298 969 368 1043 Nec
384 969 495 1070 possis
513 988 626 1072 captas
641 971 720 1044 inde
739 971 860 1045 referre
878 1000 1007 1047 manus.

251 1087 519 1190 Muneribusque
537 1089 604 1164 tuis
621 1087 770 1176 laedaris,
787 1106 827 1160 ut
842 1091 973 1176 Icarus,
993 1090 1028 1162 in
1046 1115 1143 1189 quern

300 1201 419 1276 Intulit
436 1220 577 1276 armatas
594 1203 685 1276 ebria
704 1203 804 1276 turba
820 1229 948 1276 manus.

253 1317 422 1419 Quodque
440 1318 556 1393 dolore
573 1318 664 1393 necis
681 1319 796 1418 patries
812 1319 867 1418 pia
883 1318 952 1391 filia
967 1317 1063 1406 fecit,
1278 1339 1335 1389 ers

303 1431 444 1508 Vincula
462 1461 522 1533 per
539 1431 649 1532 laquei
666 1430 717 1503 sac
735 1429 798 1504 tibi
816 1449 934 1526 guttur
948 1449 1033 1505 eant.

255 1550 508 1648 Obstructoque
526 1546 645 1622 samem
657 1545 796 1646 patiaris
814 1545 927 1621 limine
945 1547 1041 1635 tecti,
1146 1598 1149 1605 .

307 1667 353 1736 Ut
370 1663 476 1759 legem
494 1689 599 1763 poenae
617 1662 669 1736 cui
690 1662 784 1738 dedit
800 1664 873 1765 ipsa
891 1692 1020 1765 parens.

255 1779 351 1854 lllius
369 1779 521 1881 exemplo
537 1779 641 1855 violes
658 1776 832 1854 simulacra
847 1781 983 1866 Dianae,

307 1894 437 1968 Aulidis
453 1923 471 1968 a
489 1911 590 1996 portu
609 1893 668 1994 qui
682 1891 753 1966 leve
767 1893 865 1967 vertit
881 1893 954 1967 iter.

255 2014 486 2116 Naupliadaeve
504 2011 606 2086 modo
623 2010 701 2085 licto
720 2039 782 2113 pro
799 2012 934 2084 crimine
946 2039 1062 2112 poenas

289 2219 347 2288 θος.
360 2218 522 2268 Penther'der.
538 2215 679 2268 Penthtden
697 2224 774 2268 vete·
821 2216 1337 2285 Haimeecrcatitauteontimaete*
1454 2266 1462 2281 .

256 2317 308 2353 res.
321 2297 357 2349 H.
368 2324 401 2335 -
412 2300 534 2362 (trasna.
548 2293 648 2359 Butes,
659 2293 773 2365 Lycurgi
816 2300 964 2364 plr'putaot
976 2295 1136 2366 legendum,
1155 2297 1283 2365 quoniam
1297 2297 1336 2351 de

259 2375 337 2440 fitius,
345 2373 378 2427 oh
386 2383 488 2442 patrem
495 2371 626 2426 sublatum
636 2370 772 2437 aBerebo,
822 2371 953 2426 Pausania
961 2370 1132 2444 intelligatur,
1139 2374 1184 2443 qui
1195 2375 1338 2444 intemplo

259 2459 316 2527 ejus
327 2455 445 2509 numinis
455 2452 602 2507 sacerdotes
616 2471 709 2506 omnes
720 2471 772 2506 ne·
821 2451 953 2505 Minerva
980 2459 1111 2521 χαλκιοίκου
1135 2452 1253 2507 obsessus
1273 2451 1336 2507 fuit.

258 2533 410 2588 cavitvariis
418 2543 446 2585 et
455 2528 772 2599 acerbissimissuppliciis.
821 2529 918 2584 Scribit
944 2541 1033 2583 autern
1061 2529 1184 2583 AEmilius
1208 2531 1336 2597 Probus,

291 2612 349 2664 6ιι.
358 2613 496 2664 Deducere.
506 2610 644 2671 Didrccre,
656 2609 774 2661 stanton
821 2618 935 2662 matrem
950 2606 1104 2674 Paeanis,
1123 2607 1269 2662 Alcitheon]
1281 2628 1339 2661 no-

246 2710 308 2767 'pro
321 2692 392 2743 mlo.
406 2690 507 2743 Hsrrss.
821 2686 908 2753 mine,
922 2686 1055 2755 quumille
1063 2686 1092 2738 in
1099 2687 1228 2754 ternplum
1236 2687 1339 2740 confu-

291 2768 513 2823 detulissentne
528 2766 634 2830 lcarus,
645 2764 774 2835 Erigones
821 2765 918 2833 gisset,
938 2764 1084 2834 ephorique
1108 2764 1178 2817 sores
1200 2764 1338 2832 aediruloe,

259 2857 356 2918 pater,
375 2860 458 2914 quum
478 2842 574 2897 Attice
592 2841 698 2895 colonos
717 2840 773 2893 riui
822 2841 866 2893 ubi
880 2841 923 2893 ille
937 2842 1040 2895 abditus
1056 2842 1338 2909 erat,-obstruerent,

259 2944 337 2981 usurn
345 2926 489 2988 docuisset,
498 2920 533 2975 itti
541 2919 773 2988 inusitatoliquore
822 2938 852 2972 ac
866 2928 967 2973 tectum
978 2918 1187 2984 demolirentur,
1203 2929 1233 2973 ut
1245 2921 1341 2990 inopia

260 3004 479 3070 ebrii,renenurn
488 3001 580 3053 datum
588 2999 636 3053 sibi
645 2999 775 3052 arbitrata·
821 3016 913 3051 rerunt
921 2997 1339 3067 arsamelaborantemboepucto

259 3095 308 3149 tes,
320 3100 382 3135 eum
390 3078 774 3147 necaruntunoimpetu:cujus
821 3076 1000 3138 conticerent;
1057 3087 1148 3145 tquam
1158 3076 1190 3129 de
1199 3074 1338 3130 scelereac

261 3171 347 3214 morte
361 3158 467 3225 audita,
484 3156 601 3227 Erigone
615 3156 668 3209 titia
679 3157 774 3226 laqueo
822 3153 971 3224 proditioue
993 3154 1041 3207 fiii
1062 3155 1251 3224 comperisset,
1271 3157 1339 3222 pn*-

261 3241 342 3293 vitam
355 3236 456 3299 linivitt
470 3236 610 3307 Hyginus,
624 3235 687 3288 Fab.
703 3237 757 3287 130.
820 3252 897 3287 mum
907 3234 1022 3303 lapidem
1030 3232 1062 3287 ad
1073 3230 1251 3287 obserandum
1261 3232 1337 3286 illam

293 3318 351 3370 615.
367 3318 461 3368 Geren
475 3324 525 3367 eat.
543 3316 615 3367 Eunt
626 3312 683 3367 eod.
695 3312 774 3367 Polit.
822 3312 987 3381 adportasse,
1008 3312 1035 3365 id
1048 3311 1120 3381 quod
1136 3310 1179 3363 bie
1192 3310 1271 3364 ovid.
1289 3313 1339 3364 in-

260 3405 287 3450 et
299 3395 354 3448 duo
365 3392 416 3447 alii.
432 3392 533 3445 Herus.
822 3391 896 3457 nuit,
906 3408 989 3459 quum
999 3390 1060 3443 dicit
1066 3388 1152 3459 legem
1160 3392 1339 3461 poeuaeipsam

292 3474 349 3541 617.
371 3473 570 3538 otsrnttusque.
594 3470 776 3536 Obstructoque
823 3478 961 3539 parentem
969 3466 1078 3520 dedisse.
1088 3466 1190 3519 Venun
1198 3464 1338 3521 insebedis

260 3552 329 3605 bene
340 3548 430 3601 Jureti
444 3547 517 3601 liber.
533 3546 571 3598 H.
585 3572 618 3585 -
632 3548 774 3598 Obstructa.
822 3544 1048 3599 San-Victorianis
1055 3544 1161 3615 legitur,
1169 3552 1224 3613 r'pse
1227 3564 1340 3612 pareus:

261 3630 381 3683 Tantum
389 3637 445 3681 erat
455 3625 538 3677 laudis
547 3623 644 3678 bellicos
655 3623 774 3676 studium
823 3623 859 3678 Et
867 3636 924 3677 tum
932 3623 1083 3694 Agesilaum
1090 3624 1341 3694 Pausanlrepatrern

260 3707 328 3777 apud
339 3704 563 3769 Lacedaemonios,
573 3712 707 3755 utmatres
715 3700 776 3755 filiis
823 3703 885 3757 odis
895 3703 965 3758 sores
974 3702 1116 3757 occuluisse
1128 3700 1277 3770 putandum
1288 3714 1341 3760 est,

260 3787 286 3839 in
301 3786 383 3839 aciem
397 3782 592 3853 prodeuntibus
603 3790 675 3834 scuta
687 3780 776 3850 porri-
828 3851 832 3857 ⁴
854 3784 914 3855 619.
932 3785 1006 3835 Illius
1024 3785 1143 3848 exemplo.
1162 3781 1342 3851 Intelligenda

261 3861 425 3933 gentes,lraec
433 3860 565 3914 dicerent:
576 3880 589 3905 «
598 3876 659 3912 cum
670 3855 721 3923 bis,
730 3868 776 3911 aut
822 3859 976 3913 illasuntde
986 3860 1065 3928 Aiace
1075 3856 1161 3925 Oilei,
1169 3859 1229 3927 qui,
1237 3862 1344 3915 obvio-

259 3943 381 4008 victores,
388 3950 433 3993 aut
440 3935 774 4008 mortuis-Eurystheum,
821 3938 902 3991 latam
917 3936 1094 3991 Cassandram
1111 3934 1138 3989 in
1156 3936 1258 4005 templo
1274 3938 1345 3991 Pal-

262 4036 346 4089 quum
354 4018 421 4070 male
431 4024 580 4086 pugnasset,
590 4012 700 4065 domum
707 4029 777 4063 sem·
822 4015 887 4069 ladis
908 4014 994 4082 Dese,
1012 4014 1182 4084 naufragium
1200 4014 1286 4081 sede,
1306 4027 1344 4070 ut

259 4100 367 4169 piterno
387 4096 517 4149 dedecore
540 4091 653 4158 adfecit,
674 4111 726 4161 qua
740 4090 773 4144 de
822 4104 884 4147 ante
894 4103 936 4146 est
946 4091 1048 4148 dictum
1057 4112 1090 4148 er
1099 4092 1233 4147 sententia
1244 4092 1341 4147 etHo·

261 4196 338 4233 eausa
354 4186 441 4230 mater
458 4174 611 4245 indignata,
626 4186 689 4227 eum
701 4172 775 4226 clau·
822 4188 889 4223 mer.
901 4182 930 4224 et
941 4169 1029 4224 Strab.

263 4272 321 4308 sunt
335 4251 423 4307 inedia
441 4253 526 4321 perire
543 4250 636 4321 coegit.
651 4248 730 4305 Doti.
741 4274 775 4291 ··
855 4248 912 4302 bar.
931 4252 1089 4318 Naupls'alae.
1107 4244 1340 4305 Palamedes'cri*
