3017 5000
441 515 495 584 IN
517 511 701 584 'ovlnll
726 514 853 584 lBIN.
1145 519 1190 586 65

123 691 140 726 n
158 676 330 734 tentatum.
348 648 468 755 liujus
485 653 629 730 libertus
646 655 711 729 fuit
727 653 840 729 Julius
857 654 1051 741 Modestus,
1065 657 1100 730 in
1122 677 1196 733 stu·

122 807 139 842 s
157 777 219 851 diis
235 793 336 878 atquc
355 774 506 848 doctrina
525 771 664 868 vestigia
678 771 812 872 patroni
827 787 971 846 secutus.
989 806 1008 839 »
1028 775 1107 848 llaec
1119 772 1194 865 ille,

120 894 210 992 eujus
225 893 327 966 verba
346 889 525 986 diligenter
541 907 575 963 et
591 886 801 987 acrijudicio
819 917 980 991 perpensa
1001 919 1072 964 non
1089 889 1195 968 levem

120 1006 297 1108 suspicioni
312 1033 394 1078 meae
411 1031 523 1078 ansam
537 1003 685 1104 praebere
699 1001 864 1076 videntur.
879 1005 997 1100 Quum
1014 1006 1101 1080 enim
1119 1011 1193 1109 lly-

122 1123 230 1218 ginnm
248 1121 375 1196 Ovidio
391 1119 683 1194 familiarissimum
702 1119 805 1194 fnisse
820 1119 923 1208 dicit,
941 1121 1002 1195 ubi
1023 1123 1125 1197 modo
1142 1125 1195 1200 vel

120 1237 152 1310 in
179 1237 339 1312 omnibns
369 1237 546 1337 utriusque
570 1235 798 1310 monumentis
818 1253 918 1310 tantae
941 1240 1196 1319 necessitudinis

120 1355 292 1451 vestigium
308 1355 438 1428 exstat?
457 1353 602 1429 Ovidius
619 1353 660 1426 ad
677 1379 833 1440 nrorem,
852 1351 896 1425 ad
910 1354 1053 1445 Carum,
1071 1358 1114 1430 ad
1131 1359 1195 1431 Pe·

121 1465 249 1557 riflum,
266 1469 309 1542 ad
325 1469 487 1556 Brutum,
502 1466 545 1539 ad
563 1466 769 1555 Maximum,
785 1466 825 1540 ad
844 1467 1026 1557 Rufinum,
1040 1471 1085 1544 ad
1101 1472 1197 1546 Grac-

121 1583 246 1672 einum,
261 1585 305 1658 ad
319 1583 559 1671 Messalinum,
576 1584 617 1657 ad
632 1585 806 1671 Severum,
821 1583 864 1657 ad
876 1584 1046 1675 Flaccum,
1062 1587 1103 1661 ad
1115 1589 1197 1664 Ger-

120 1699 299 1787 manicum,
310 1699 353 1774 ad
367 1697 547 1785 Solanum,
563 1697 604 1771 ad
614 1696 784 1784 Atticum,
800 1697 842 1770 ad
854 1699 1005 1790 Cottam,
1020 1701 1062 1774 ad
1073 1703 1197 1794 Cotim‚

119 1811 158 1884 ad
173 1811 359 1903 Suillium,
377 1811 421 1888 ad
437 1813 703 1901 Albinovanum,
722 1811 764 1886 ad
784 1811 989 1902 Gallionem,
1005 1817 1046 1889 ad
1060 1819 1199 1894 Tutica-

121 1960 192 2006 num
211 1931 376 2036 epistolas
392 1933 513 2021 mittit,
530 1932 573 2005 ad
593 1930 765 2033 Hyginum
782 1959 860 2006 vero
878 1932 1014 2008 nullam.
1037 1937 1092 2009 An
1114 1937 1201 2015 sorte

120 2045 169 2122 ille
184 2066 239 2123 est
257 2047 301 2122 ad
319 2077 419 2150 quern
437 2075 619 2152 suppresso
637 2048 775 2121 nomine
797 2049 898 2123 toties
920 2051 1064 2126 scribit?
1086 2059 1198 2131 nenti·

122 2193 226 2264 qnam
243 2161 418 2265 Hyginum
430 2162 516 2235 euim
529 2160 707 2236 admodum
718 2190 896 2266 pauperem
909 2164 1088 2242 decessisse
1097 2172 1200 2246 Tran-

122 2282 244 2384 quillus
254 2281 318 2368 ait;
328 2280 470 2355 alterum
482 2279 630 2367 divitem,
640 2297 740 2381 atque
748 2278 874 2380 opibus
883 2280 1108 2357 abundantem
1121 2286 1200 2362 fuis·

123 2429 170 2488 se,
188 2403 284 2474 Naso
304 2395 426 2470 diserte
448 2393 599 2495 prodidit
617 2392 671 2465 his
693 2393 860 2480 versibus,
881 2423 966 2494 quos
992 2397 1035 2469 ad
1056 2400 1199 2477 amicum

121 2517 235 2606 mittit,
246 2512 344 2613 cujus
357 2537 479 2583 nomen
492 2495 649 2583 consulto
664 2508 829 2609 preterit,
845 2509 884 2582 Τ
879 2509 1013 2598 nitriam
1028 2514 1089 2603 lV,
1100 2514 1151 2589 El.
1161 2537 1199 2591 v:

280 2656 324 2711 0!
336 2655 403 2709 milri
414 2653 523 2709 dilectos
535 2654 605 2707 iuter
615 2672 670 2707 sors
684 2654 770 2721 prima
780 2652 893 2722 sodales,

314 2742 403 2797 Unica
415 2740 531 2793 fortunis
542 2758 587 2793 ara
597 2748 702 2809 reperta
714 2737 798 2804 mein

283 2828 372 2898 Cujus
383 2828 415 2880 ab
428 2826 555 2895 adloquiis
566 2824 655 2879 anima
668 2824 723 2879 hnc
733 2824 894 2879 moribunda
903 2826 1009 2895 revixit,

315 2911 357 2965 Ut
367 2907 428 2980 vigil
440 2908 528 2961 inlusa
542 2907 648 2961 Pallade
660 2908 769 2963 flamma
780 2907 846 2963 solet
856 2931 864 2973 ;
885 2942 889 2948 -

285 2996 345 3067 Qui
358 2996 459 3059 veritus
469 3012 524 3047 non
538 3014 565 3047 es
577 3002 669 3064 portus
680 2994 782 3064 aperire
794 2994 902 3063 fideles,

320 3078 446 3135 Fulmine
457 3098 584 3149 percusse
596 3078 804 3147 coniugiumque
815 3079 865 3133 rati
878 3102 885 3143 ;
927 3132 930 3139 ,

285 3165 373 3234 Cujus
384 3182 458 3217 eram
471 3182 550 3217 ceusu
564 3180 620 3215 nou
632 3180 675 3215 me
687 3181 812 3216 sensurus
822 3161 963 3233 egentem,

316 3249 347 3303 si
361 3246 451 3301 Caesar
462 3246 558 3316 patrias
570 3246 708 3315 eripuisset
719 3265 788 3315 opes.

125 3370 248 3445 Deinde
265 3370 301 3442 in
319 3396 357 3441 ea
375 3364 517 3468 epistola
534 3393 632 3452 uxor,
650 3362 748 3453 liberi
767 3384 801 3438 et
818 3366 919 3441 irater
933 3368 1019 3468 ejus,
1038 3372 1080 3446 ad
1096 3403 1195 3475 quem

125 3489 240 3591 scripta
257 3504 331 3572 est,
349 3498 675 3569 commemorantur,
691 3510 833 3582 quorum
843 3483 1045 3589 Suetonius,
1063 3509 1197 3569 caetero·

126 3608 178 3706 qui
191 3632 262 3679 non
278 3601 479 3688 omissuros,
491 3597 616 3673 nullam
627 3599 827 3672 mentionem
838 3599 947 3677 habet.
964 3606 1077 3681 Unum
1086 3628 1198 3690 autem

125 3738 154 3795 et
169 3720 323 3795 eumdem
339 3746 410 3792 esse
428 3715 676 3803 animadverto,
693 3715 736 3787 ad
750 3744 848 3815 quem
864 3717 1006 3795 Ovidius
1021 3724 1121 3799 tacito
1135 3758 1200 3804 no-

124 3834 205 3907 mine
215 3832 329 3907 literas
341 3832 462 3905 iterum
477 3848 576 3932 atque
591 3829 710 3902 itcmm
725 3828 829 3903 dedit.
842 3832 987 3932 ipsemet
1001 3838 1088 3911 enirn
1103 3844 1196 3917 testis

125 3966 187 4035 est,
201 3948 240 4021 de
256 3946 377 4031 Ponto,
397 3942 651 4039 lib.1lll,Eleg.
667 3960 726 4033 t'l,
739 3942 799 4019 ubi
816 3944 1010 4025 familiarem
1023 3956 1198 4053 quemdam

125 4065 176 4139 tis
190 4064 301 4139 verbis
318 4063 538 4164 adloquitur:
593 4077 597 4085 '

289 4197 350 4265 lpse
362 4214 431 4265 ego,
446 4192 516 4264 quod
528 4192 615 4264 primo
626 4192 715 4263 scripsi
726 4193 782 4248 sine
794 4197 904 4252 nomine
915 4198 1003 4268 robis,

325 4279 379 4333 vt:
390 4278 506 4337 excusari
518 4296 594 4348 posse
606 4276 671 4332 mihi
684 4279 782 4333 videor.

242 4373 357 4443 rm.
715 4378 721 4388 ·
886 4462 890 4471 Ι
972 4378 994 4444 ⁵
