3017 5000
329 511 394 602 372
587 507 827 576 norlrm
850 505 1145 574 mentm

327 671 425 717 enum
446 649 590 742 amplius
610 659 854 716 sexcentorum.
878 643 1003 716 Coelina
1025 644 1234 739 Rhodiginus
1250 647 1356 715 XIII.
1380 671 1409 714 1.

326 763 508 854 Antiqner.
536 760 688 828 Lection.
710 757 897 827 «Caecilius
915 757 1126 824 Minutianuo
1150 754 1321 848 Apuleiae
1345 759 1410 841 ait,

329 870 515 938 Corvinum
529 868 702 956 (BoessIne
726 867 834 934 etalii
853 864 983 931 malunt
1004 865 1201 957 Hyginum)
1221 863 1265 931 ab
1286 864 1414 935 Ovidio

325 972 406 1042 Ibin
419 974 624 1068 appellatum
637 997 706 1041 esse
720 997 760 1039 ex
771 973 841 1038 avis
854 968 1023 1055 foeditate,
1041 972 1095 1037 oui
1107 983 1262 1038 ventrem
1276 993 1286 1019 ¹
1301 985 1413 1041 rostro

326 1107 470 1176 purgare
493 1085 631 1150 insitum
654 1083 719 1163 sit,
756 1092 792 1147 et
813 1081 879 1148 hoc
904 1104 944 1148 ex
972 1078 1170 1148 Callimachi
1204 1081 1410 1151 imitatione.

326 1193 473 1262 Ovidius
491 1196 580 1288 ipse,
600 1217 631 1260 v.
653 1188 717 1276 451
738 1218 746 1260 :

492 1374 527 1430 Et
539 1372 633 1444 quibua
644 1373 740 1446 exigno
750 1372 865 1429 volocr'n
875 1375 971 1430 devota
984 1375 1072 1431 libello
1082 1385 1141 1442 ert,

531 1463 653 1536 Corpora
664 1467 784 1536 projecta
794 1484 854 1534 que
864 1484 912 1521 etta
922 1477 1019 1537 purgat
1028 1485 1104 1537 aqua.

329 1637 381 1701 De
404 1629 600 1700 Callimachi
618 1641 773 1722 poemate
790 1626 947 1696 adversus
984 1628 1204 1721 Apollonium
1225 1629 1412 1717 Rhodium,

329 1742 421 1834 cnjus
436 1738 559 1807 titulus
574 1750 646 1808 erat
669 1739 763 1814 Ibis,
790 1749 826 1804 et
850 1737 943 1828 qnod
962 1737 1098 1830 pridem
1121 1737 1317 1823 intercidit,
1341 1740 1413 1810 diri

327 1847 389 1916 lib.
408 1850 461 1916 111
478 1847 567 1916 Bibl.
595 1848 737 1931 Graece,
758 1871 832 1940 cap.
849 1867 910 1914 ιιι
920 1897 930 1931 ,
948 1871 1025 1940 pag.
1041 1847 1122 1933 486.
1143 1851 1184 1916 In
1198 1847 1280 1915 lbin
1292 1848 1412 1918 Ovidii

330 1971 435 2028 exstat
455 1977 553 2026 vetos
576 1963 740 2051 interpres
756 1981 789 2040 ⁸,
808 1954 961 2048 Gyraldo
987 1969 1021 2024 et
1042 1956 1116 2024 eliis
1141 1957 1312 2044 laudatus,
1334 1970 1412 2026 tom

330 2070 452 2140 Cbrbt.
472 2069 628 2144 Zarotti,
646 2068 772 2136 Venet.
795 2068 899 2150 1515,
919 2065 1031 2134 iri-iol.
1050 2067 1195 2136 Carmen
1210 2069 1322 2161 ipsum
1334 2091 1411 2135 carm

327 2178 593 2273 Metamorphosi
606 2190 641 2246 et
653 2178 749 2245 libris
765 2180 960 2254 Fastorum,
979 2175 1109 2245 editum
1120 2191 1224 2246 exstet
1234 2180 1308 2246 eine
1322 2204 1410 2248 enno

329 2305 365 2360 et
382 2291 456 2358 loco
480 2287 590 2356 insol.
614 2301 650 2354 et
670 2286 925 2372 Venetsrdtid,
950 2285 1063 2354 in-fol·.
1086 2285 1174 2379 ibid.
1203 2286 1307 2381 1495,
1332 2313 1409 2356 cum

326 2404 468 2472 Domitii
474 2398 780 2470 CalderiniComm.
794 2395 1114 2494 erudituoDionysii
1120 2397 1295 2490 Salvognii
1302 2401 1410 2467 Boos·

327 2515 384 2587 sii,
397 2508 520 2602 equitis
530 2506 759 2599 Delphinotis,
770 2507 1028 2572 commentatitio
1040 2503 1171 2596 prodiit
1177 2504 1287 2597 Lngd.
1304 2506 1406 2583 1633,

328 2616 446 2702 in·d⁰.,
463 2626 563 2709 atque
575 2617 699 2680 iterum
710 2612 809 2694 1661,
823 2613 941 2689 in-8⁰.‚
951 2609 1069 2680 addito
1078 2623 1192 2679 vetere
1204 2614 1406 2705 interprete,

330 2726 439 2816 quiin
454 2723 568 2813 priore
580 2718 664 2788 edit.
679 2717 903 2787 desideratur.
918 2721 952 2786 Is
962 2740 1040 2811 pag.
1056 2720 1076 2786 3
1085 2768 1096 2801 ,
1113 2717 1153 2803 4,
1163 2742 1241 2812 neq.
1256 2718 1302 2786 de
1313 2722 1409 2806 hujus

329 2832 484 2900 carminis
500 2828 707 2896 editionibus
722 2842 758 2896 et
773 2826 1018 2920 interpretibus
1033 2826 1199 2895 videndus
1220 2840 1283 2895 eet.
1302 2830 1408 2897 Vete-

328 2964 403 3008 rem
419 2940 641 3031 interpretem
658 2938 763 3005 alium
783 2938 826 3005 ab
849 2936 942 3005 edito
959 2937 1087 3005 evolvit
1102 2937 1227 3005 Coelina
1246 2938 1410 3030 Rhodigi·

329 3076 408 3127 nus,
428 3061 530 3142 atque
548 3049 731 3115 Turnebus
747 3045 842 3115 dolet
856 3048 925 3115 luci
947 3071 1016 3115 non
1031 3046 1149 3114 datum
1166 3044 1231 3115 lib.
1249 3050 1319 3132 lx,
1344 3052 1385 3115 25
1393 3098 1405 3130 ,

329 3158 510 3228 Adversar.
528 3186 544 3221 a
560 3156 660 3245 Quod
673 3167 707 3223 et
719 3168 915 3224 annotatum
928 3181 947 3222 a
959 3158 1067 3223 veteri
1079 3157 1267 3249 interprete
1280 3158 1404 3239 fuerat,

330 3275 424 3357 cujus
438 3272 559 3338 scrinia
575 3268 633 3335 alii
656 3272 859 3362 interpretes
876 3268 1118 3359 compilarunt,
1146 3279 1181 3334 et
1200 3269 1326 3359 scripta
1349 3269 1406 3335 eni

331 3501 386 3554 cap.
397 3499 420 3545 1,
439 3500 497 3553 pag.
518 3481 585 3549 ³713
607 3488 634 3533 et
647 3476 783 3543 Galenus,
806 3475 840 3530 de
857 3493 933 3531 venor
947 3456 1073 3530 sectione
1090 3483 1184 3530 contra
1204 3472 1407 3541 hornan,

332 3576 395 3620 tom.
410 3564 453 3631 X,
471 3581 526 3634 cap.
539 3578 569 3615 vr
579 3600 588 3629 ,
600 3580 658 3632 pap.
670 3562 737 3635 399,
751 3558 815 3613 edit.
831 3558 916 3613 Paris.
936 3556 1041 3613 Confer
1054 3556 1150 3612 Alciati
1161 3556 1296 3611 emblema
1310 3558 1360 3627 87,
1381 3566 1408 3611 et

332 3647 497 3703 Aidrovandi
512 3644 748 3715 Omitbologiarn,
766 3654 831 3699 tom.
844 3644 903 3711 Ill,
914 3642 958 3697 lib.
979 3644 1050 3713 XX,
1065 3660 1120 3712 cap.
1132 3658 1184 3711 111,
1201 3660 1259 3713 pag.
1276 3662 1330 3715 υς.

364 3744 373 3775 ¹
396 3742 497 3797 Auctor
514 3740 634 3811 isagoges
653 3736 759 3793 Gelono
774 3735 927 3807 adscriptae,
947 3754 1002 3805 cap.
1018 3754 1028 3787 1
1045 3744 1095 3801 ,et
1114 3733 1234 3800 Plinius,
1249 3732 1334 3801 vul,
1352 3752 1405 3802 ²7·

331 3826 402 3882 Hiet.
413 3835 527 3892 notant,
540 3825 603 3880 inde
617 3825 685 3879 hanc
697 3843 774 3879 avem
784 3821 816 3877 ad
829 3820 946 3896 clyster-is
960 3840 1039 3875 usum
1050 3818 1246 3874 inveniendum
1257 3817 1406 3872 hominibm

331 3929 423 3965 eneam
434 3910 584 3981 prebuisse.
603 3908 731 3978 Effigiem
751 3908 810 3977 ejus
829 3905 910 3959 babes
925 3903 953 3958 in
966 3904 1104 3958 Thesauro
1119 3901 1263 3957 Graviano
1279 3900 1407 3971 Antiqidt

331 3996 413 4049 Rom.
427 4004 492 4048 tom.
505 3990 544 4059 V,
554 4008 612 4061 pag.
628 3991 683 4064 796.

363 4088 376 4118 ²
388 4084 523 4150 Labbeur,
535 4082 603 4135 Bibl.
619 4101 689 4135 nova
702 4080 795 4148 MSS,
806 4099 863 4150 pag.
875 4080 921 4149 46,
937 4090 1071 4133 memorat
1080 4077 1213 4133 Bernardi
1222 4076 1348 4145 Moretti,
1358 4076 1405 4146 qui

333 4170 491 4227 rhetoricam
499 4167 631 4223 Bononio
641 4166 731 4222 docuit
739 4166 791 4223 'cub
800 4184 862 4220 ann.
877 4166 954 4238 1459,
968 4164 1158 4235 expositionem
1169 4164 1198 4217 in
1211 4160 1405 4220 Poemaoodii

332 4254 455 4309 adversus
468 4253 535 4309 Ibin.
