3017 5000
324 441 390 509 320
656 435 991 506 DEDIGATlON
1000 435 1060 503 ΕΒ

326 579 447 656 subdus
461 576 693 680 erutopn'sct's5
712 595 745 652 et
760 576 871 653 idem:
888 575 1402 676 tlucmmno...sri‚rrotopneteu·

320 729 402 804 poro
418 699 537 776 Fastis.
560 703 646 776 Nam
668 700 821 776 Isidorus
846 698 972 774 nnllam
995 697 1095 774 fidem
1120 715 1283 786 meretur,
1306 699 1402 799 quia

324 823 486 912 fastibus,
510 823 545 898 id
572 841 636 912 est,
652 822 877 925 potestatibus
892 823 958 922 (ut
974 821 1062 897 idern
1078 821 1146 920 ait)
1159 821 1276 896 Ovidii
1290 821 1403 896 Fastis

325 975 448 1023 nomen
467 946 610 1021 inditum
627 964 732 1048 putat
741 945 838 1027 ,Sunt
852 964 963 1021 autem
978 945 1096 1031 Fasti,
1117 962 1251 1020 auctore
1264 943 1402 1032 Servio,

326 1071 400 1146 lr'bn‘
408 1070 786 1172 dt'ernmcompututrimem
795 1069 955 1157 dudem
966 1069 1028 1144 ubi
1039 1071 1140 1168 (teste
1149 1067 1402 1169 Porphyrione)

324 1223 387 1298 per
404 1192 557 1270 consules
573 1221 736 1270 annorum
757 1221 932 1269 numerum
949 1191 1163 1290 colligebant.
1193 1191 1271 1266 Erit
1290 1209 1403 1266 antem

326 1317 461 1422 plenior
470 1316 639 1406 diffinitio,
650 1317 678 1392 si
689 1317 870 1394 secundum
879 1291 1045 1392 Arionem
1056 1315 1272 1404 dixerimus«
1284 1317 1403 1389 Fastos

327 1477 347 1510 a
365 1471 436 1517 esse
452 1440 608 1530 annales,
625 1440 661 1516 in
679 1442 803 1542 quibus
816 1441 975 1516 memoria
990 1458 1176 1542 temporum
1191 1439 1403 1526 continetur,

329 1598 347 1632 »ι
369 1564 493 1667 quique
509 1563 550 1637 ad
567 1564 915 1638 commemorationem
928 1565 1114 1651 bonorum,
1128 1589 1276 1636 rerumve
1289 1577 1403 1656 gesta·

328 1720 347 1754 a
368 1715 442 1760 rum
453 1685 579 1761 inventi
590 1684 746 1760 dicuntur
754 1687 889 1762 virtutis
898 1686 1036 1761 indices.
1048 1717 1066 1752 o
1081 1687 1200 1760 Horat.
1212 1684 1400 1776 inl4Carm.

329 1843 347 1876 «
366 1811 467 1896 Tuas,
479 1810 639 1906 Auguste,
654 1808 793 1884 virtutes
806 1808 841 1882 in
853 1836 959 1884 aevum
969 1809 1034 1882 Per
1043 1807 1160 1882 titulos
1171 1833 1401 1907 memoresque

328 1965 347 1998 a
365 1935 484 2008 Festos
501 1947 646 2007 sternet.
668 1961 685 1996 »
705 1929 799 2006 Idem
815 1932 852 2004 in
867 1932 983 2007 eodem
1001 1961 1010 2004 ι
1035 1965 1054 1998 «
1067 1933 1146 2006 Non
1163 1931 1243 2005 Coa
1257 1928 1401 2004 referem

327 2091 346 2124 ³>
363 2057 430 2156 jam
447 2053 510 2129 tibi
525 2083 697 2156 purpura,
716 2056 787 2130 Neo
801 2054 881 2129 clari
889 2053 1018 2157 lapides
1029 2072 1194 2156 tempora,
1212 2081 1285 2155 quae
1297 2053 1400 2129 semel

328 2213 346 2246 »
367 2179 458 2254 notis
479 2177 613 2254 condita
634 2177 741 2253 Fastis
764 2175 905 2253 inclusit
928 2177 1074 2254 volueris
1100 2175 1182 2252 dies.
1210 2209 1229 2242 a
1256 2176 1400 2278 Proprie

324 2301 428 2397 igitur
443 2301 533 2375 Fasti
549 2317 628 2374 sumt
643 2298 795 2389 annales,
814 2299 996 2376 secundum
1015 2299 1202 2402 Sempronii
1217 2297 1400 2374 Asellionis

327 2424 538 2527 opinionem,
553 2425 595 2498 ab
609 2422 699 2500 Aulo
717 2422 826 2498 Gellio
839 2423 992 2501 traditam
1004 2423 1062 2500 lib.
1080 2425 1123 2513 V,
1135 2421 1294 2501 Noctium
1310 2423 1402 2498 Atti·

326 2577 454 2639 oarum,
474 2548 587 2623 addita
609 2547 736 2623 dierum
762 2550 1020 2651 computatione.
1044 2548 1074 2623 li
1098 2578 1201 2650 quum
1216 2576 1278 2650 per
1293 2576 1399 2623 annos

326 2670 479 2767 singulos
489 2671 730 2759 scriberentur,
747 2700 788 2745 ex
800 2700 869 2773 quo
881 2674 1004 2747 Janum
1017 2690 1186 2775 parentem
1196 2671 1310 2747 dixere
1321 2674 1400 2747 Fas·

326 2812 460 2883 torum,
485 2793 717 2868 tantummodo
743 2794 836 2895 quod
858 2795 982 2869 laetum
1007 2824 1142 2896 quoque
1158 2824 1248 2871 anno
1270 2814 1398 2892 gestum

325 2934 430 3005 esset,
453 2916 725 2991 demonstrabant
748 2947 759 2991 τ
781 2946 925 3019 quorum
943 2918 1099 2993 nonnulli
1123 2918 1223 2994 veluti
1247 2919 1395 3010 funesti,

327 3039 412 3115 nibil
433 3058 552 3141 prater
573 3042 707 3116 nomina
735 3040 912 3117 consulum
927 3062 1193 3139 suggesseruut,
1220 3062 1260 3117 ut
1284 3043 1397 3119 Livius

324 3164 451 3247 scribit.
469 3164 641 3239 Diffemnt
655 3182 767 3241 autem
782 3195 801 3240 a
815 3165 944 3241 diurnis
956 3166 1051 3240 urbis
1065 3168 1162 3254 actis,
1181 3194 1255 3267 que
1271 3166 1323 3241 vel
1334 3166 1396 3242 bu·

325 3286 416 3362 milia
430 3286 656 3388 recipiebant,
671 3316 775 3389 quum
787 3289 896 3363 Fastis
909 3306 1037 3363 tantum
1050 3287 1189 3364 illustria
1203 3288 1397 3365 mandaren-

324 3427 391 3485 tur.
404 3410 503 3485 Unde
515 3408 598 3485 illud
607 3409 747 3505 legimus
757 3410 848 3512 apud
856 3409 1048 3487 Comelinm
1059 3412 1337 3487 TacitumzeNisi
1343 3412 1396 3487 cui

328 3566 346 3599 >›
366 3531 468 3607 libeat
489 3530 664 3608 laudandis
681 3533 907 3609 fundamentis
923 3552 957 3609 et
977 3533 1151 3623 trabibus,
1175 3518 1253 3635 quis
1275 3534 1396 3609 molem

327 3687 347 3721 2>
365 3653 599 3756 amphitheatri
614 3655 703 3757 apud
727 3684 878 3758 campum
903 3658 1024 3732 Martis
1046 3658 1155 3732 Cesar
1171 3674 1393 3747 exstruxerat,

327 3810 346 3844 2>
366 3776 531 3852 volumina
547 3778 684 3880 implere
699 3810 707 3855 ε
722 3809 826 3881 quum
842 3808 882 3855 er
901 3779 1192 3883 dignitate'populi
1205 3781 1396 3855 romanire-

327 3932 347 3967 a
365 3918 498 4001 portum
515 3902 574 3990 sit,
593 3930 645 3977 res
663 3900 809 3979 illustres
832 3902 1025 3995 annalibus,
1049 3904 1126 3980 talia
1149 3903 1278 3980 diurnis
1302 3903 1395 3979 mbis

327 4056 347 4092 s
367 4022 451 4099 actis
472 4022 637 4099 mandare.
662 4058 680 4091 »
713 4026 819 4101 Iidem
849 4030 1012 4123 (auctore
1039 4028 1238 4126 Prisciano)
1264 4026 1352 4101 Fasti
1373 4052 1393 4099 a

327 4146 422 4223 fastis
438 4145 558 4225 diebus
574 4148 736 4227 nominati
752 4139 855 4243 surit3
871 4181 942 4228 non
956 4154 1036 4255 quia
1048 4152 1224 4243 tautae
1240 4170 1309 4243 est,
1328 4148 1394 4230 diis
