3017 5000
306 497 374 579 214
635 502 673 566 r.
709 501 891 569 ov1o11
918 505 1050 571 vura

305 656 346 712 ut
361 639 431 713 hec
449 640 547 715 etiam
564 641 751 743 nequiverit
770 660 846 717 ante
865 672 1003 718 vernum
1028 644 1130 744 hujus
1153 647 1232 719 anni
1252 665 1391 749 tempus

307 780 439 841 cauere,
458 783 527 854 quo
546 754 605 827 sot
625 782 664 829 er
679 756 895 856 antiquorum
916 756 1051 836 calculis
1069 788 1194 841 novum
1211 764 1290 836 anni
1313 792 1391 838 cur·

190 905 194 917 ·
309 898 383 945 sum
408 870 677 967 redintegrabot,
704 902 809 973 quum
824 875 889 972 jam
907 874 1044 949 Piscium
1067 876 1225 953 subiisset
1241 879 1390 976 siguum.

308 986 462 1075 Etenim,
480 1006 519 1062 ut
532 992 656 1063 Noster
671 989 790 1077 hahet,
810 991 900 1063 Fast.
919 989 979 1063 lib.
999 994 1030 1078 l,
1047 1020 1131 1065 vers.
1152 992 1221 1094 39:

478 1136 574 1191 Martis
586 1148 642 1191 erat
654 1136 754 1208 primus
766 1136 878 1204 meost,
891 1138 1057 1208 Venerisque
1070 1139 1210 1195 secundus.

715 1275 982 1299 m

503 1448 586 1501 Anno
599 1446 631 1501 C.
645 1462 701 1510 καὶ
715 1448 750 1501 U.
764 1446 798 1500 C.
813 1454 941 1515 mcci-m
958 1448 1051 1503 Ovidii
1063 1466 1110 1505 ιη
1120 1460 1148 1504 et
1158 1468 1200 1506 tv.

344 1588 579 1645 GERMANICO
597 1588 775 1655 CAESARE,
794 1588 827 1643 G.
845 1590 1018 1646 sommo
1036 1591 1234 1650 CAPITONE
1253 1592 1362 1651 COSS.

360 1734 387 1807 1.
408 1734 575 1829 QUINTUS
592 1732 754 1808 'l'ristium
780 1732 866 1807 liber
888 1734 1094 1835 superiorem
1120 1737 1272 1838 proxime
1296 1768 1399 1815 secu·

312 1867 367 1923 tus
387 1858 395 1887 ¹
418 1848 495 1921 huic
517 1877 604 1921 auno
621 1848 711 1922 veuit
728 1848 980 1925 adscribendus.
1010 1851 1127 1949 Elegia
1145 1872 1234 1927 certe
1249 1872 1294 1929 111
1313 1884 1400 1930 con-

314 1966 446 2040 cinnata
461 1965 528 2039 suit
543 1965 597 2038 die
614 1964 745 2042 Baccho
763 1994 877 2041 sacra:

479 2113 528 2168 tlta
538 2118 594 2169 de'es
605 2118 661 2169 hac
672 2126 727 2183 est,
741 2136 794 2187 qua
806 2128 832 2171 te
844 2116 977 2171 celebrare
990 2127 1091 2187 poete,

513 2208 625 2261 Sr'modo
635 2208 793 2277 marsallum
808 2220 938 2277 tempora,
959 2213 1080 2272 Bacche,
1100 2212 1202 2277 soient,
1220 2221 1270 2264 etc.

313 2328 361 2401 Ea
384 2344 493 2401 autem
511 2344 583 2399 erat
604 2325 692 2399 tertio
704 2340 781 2423 post
795 2326 879 2399 Idus
902 2326 1060 2413 Martios,
1090 2356 1148 2402 seu
1174 2346 1253 2402 xvtr
1268 2329 1399 2403 mensis

313 2446 447 2533 Martii,
464 2474 504 2522 ex
518 2447 608 2520 Fast.
625 2444 687 2519 lib.
706 2445 780 2532 111,
798 2457 883 2519 vers.
906 2444 975 2548 713
992 2463 1027 2520 et
1044 2446 1138 2546 714:

481 2595 573 2651 Tertia
586 2603 644 2664 post
658 2592 721 2646 Idus
732 2591 776 2644 lux
786 2573 826 2646 est
837 2591 1007 2647 celeberrima
1020 2596 1137 2648 Baccho,

513 2691 631 2750 Bacche,
644 2688 702 2740 fave
713 2686 783 2751 vati,
795 2685 861 2738 ditm
873 2685 999 2756 infesta
1006 2705 1081 2739 cano.

364 2810 514 2906 Elegiam
528 2837 605 2882 vero
621 2827 643 2880 x
659 2805 818 2905 scriptam
831 2805 917 2878 tertio
931 2803 1038 2878 exsilii
1051 2832 1140 2878 anno
1152 2803 1255 2878 fuisse
1271 2805 1402 2880 diserte

317 2949 434 3007 auctor
447 2928 564 3013 docet,
582 2927 630 2998 sio
648 2951 811 2998 exorsus:

482 3077 522 3131 Ut
533 3093 625 3128 sumus
635 3071 662 3126 in
672 3073 771 3137 Porto,
783 3082 823 3129 ter
831 3071 926 3142 frigore
938 3069 1056 3126 constitit
1066 3073 1133 3124 Ister
1142 3086 1153 3134 ,·

516 3169 599 3222 Facta
607 3174 646 3220 est
657 3165 759 3222 Euxini
767 3163 836 3216 dura
846 3162 964 3218 terenda
974 3163 1072 3228 maris,
1081 3173 1139 3229 eto,

317 3321 390 3396 qua
406 3291 560 3392 hyemem
579 3283 681 3384 hujus
698 3281 845 3357 ineuntis
863 3279 941 3354 anni
959 3279 1147 3376 designant.
1165 3277 1289 3354 Eadem
1307 3295 1403 3354 tem-

316 3426 442 3516 pestate
459 3423 590 3481 erarata
606 3419 658 3477 est
676 3399 794 3498 Elegia
808 3417 891 3484 tut,
911 3398 973 3472 ubi
999 3425 1141 3498 quereus
1168 3425 1202 3470 se
1227 3414 1339 3471 mente
1366 3415 1403 3472 et

315 3555 455 3630 corpore
473 3551 597 3620 aegrum
614 3545 700 3606 esse,
720 3515 830 3601 addit,
845 3543 929 3590 vers.
950 3511 972 3586 5
990 3532 1024 3588 et
1041 3511 1087 3586 6:

481 3673 588 3742 Perque
603 3669 658 3723 dies
669 3667 769 3721 multos
780 3665 869 3719 lateris
880 3662 1036 3718 cruciatibus
1047 3681 1126 3727 uror,

515 3762 570 3816 Sed
583 3761 653 3830 quod
667 3778 722 3812 non
734 3757 842 3812 modico
851 3755 950 3825 frigore
961 3753 1027 3810 lesit
1035 3757 1131 3826 hym.

365 3885 410 3958 11.
432 3883 549 3981 Quum
572 3883 699 3953 Noster
720 3877 868 3961 amicos,
891 3874 1017 3975 quihus
1032 3871 1207 3975 plerasque
1229 3869 1405 3946 librorum

313 3999 453 4076 nomine·
464 3997 629 4074 Tristiun
647 3993 780 4090 Elegiae
796 3991 910 4079 misit,
930 4020 1000 4065 noe
1018 4017 1120 4064 auseis
1135 4005 1223 4064 esset
1239 3988 1329 4063 veris
1345 3988 1404 4064 in-

347 4203 356 4231 ¹
375 4198 447 4267 Eteg.
470 4195 555 4248 riuit.
569 4195 687 4254 «vllam,
708 4207 814 4259 quoque
832 4187 866 4242 de
885 4186 1000 4257 Getico,
1020 4189 1106 4244 nostri
1126 4185 1260 4253 studiose,
1280 4189 1404 4242 Ιῦεἱῖω

315 4281 403 4334 Litore
411 4319 419 4347 ,
426 4277 566 4347 premisse&
577 4283 685 4346 quatuor
694 4271 761 4328 adde
772 4275 843 4327 mels.
859 4291 873 4318 n
