3017 5000
342 492 409 586 294
677 491 1079 560 DEDIGATIONES

340 628 508 708 Remediis
525 629 600 706 aits
629 663 646 696 α
669 629 802 705 Blenda‘
816 631 1028 732 pharetratos
1045 629 1166 727 etegeia
1192 648 1304 738 cantet
1325 661 1416 706 amo-

342 787 359 817 »
381 779 446 826 res.
465 783 482 816 »
502 751 541 822 ln
558 743 658 844 elegis
670 747 858 821 scribendis
873 746 962 849 apud
983 747 1119 822 Grecos
1141 753 1207 843 (ut
1221 747 1262 822 de
1278 747 1417 844 ignobi-

337 862 479 938 lioribus
494 864 642 954 taceam)
659 861 847 935 floruerunt
863 860 1105 948 Callimachus,
1125 861 1183 962 qni
1198 861 1315 936 iubos
1331 864 1417 938 scri·

337 978 441 1052 bendi
455 1005 570 1075 genere
583 976 739 1078 princeps
752 974 888 1050 habitus
902 993 971 1062 est;
990 989 1024 1049 et
1036 972 1202 1062 Philetas,
1219 978 1276 1077 qui
1292 1005 1416 1052 seeun-

338 1097 396 1172 des
429 1123 596 1172 consensu
622 1093 844 1196 plurimorum
874 1094 1059 1195 occupavit.
1087 1095 1161 1168 Hos
1185 1123 1219 1170 se
1248 1096 1417 1172 iniussn

337 1215 456 1301 fuisse,
473 1212 686 1314 Propertius,
702 1210 761 1283 lib.
776 1213 827 1283 ΙΙΙ
838 1269 848 1298 ,
860 1211 914 1285 bis
923 1210 1125 1285 carminibus
1135 1211 1260 1286 latetur
1275 1244 1283 1285 ε
1301 1247 1320 1283 «
1337 1212 1415 1288 Cel-

340 1363 357 1394 »
378 1330 510 1404 limachi
521 1325 653 1416 manes,
672 1347 705 1402 et
719 1327 781 1402 Coi
792 1353 885 1402 sucre
897 1327 1054 1415 Philetae,
1065 1330 1106 1400 ln
1119 1345 1274 1415 vestrum,
1287 1357 1415 1429 quaeso,

339 1472 358 1508 »
380 1473 431 1518 me
447 1445 546 1517 sinite
563 1444 609 1517 ire
624 1471 751 1516 nemus.
777 1472 795 1508 s
822 1442 921 1516 Unde
937 1441 1043 1516 etiam'
1053 1469 1088 1514 se
1104 1443 1295 1516 Romanum
1312 1432 1418 1516 Calli·

336 1561 490 1646 machum
502 1559 656 1663 adpellat.
672 1563 764 1634 Naso
777 1577 929 1661 quoque,
942 1547 1037 1660 quasi
1052 1558 1246 1635 Callimachi
1259 1561 1415 1650 anulus,

334 1677 369 1750 in
386 1678 589 1766 Amoribus,
607 1677 720 1779 inquit
738 1707 746 1749 τ
766 1713 782 1741 «
801 1677 884 1766 Est,
901 1705 975 1778 quae
990 1675 1270 1780 Callimachi'prae
1287 1679 1416 1754 nostris

337 1825 356 1856 »
376 1794 498 1866 rustica
510 1789 770 1868 ditharmins.
788 1790 973 1867 »Catullus
984 1793 1081 1867 etiam
1094 1791 1336 1870 seCnllimachi
1348 1812 1416 1870 stu·

334 1907 464 1983 diosum
477 1907 645 1999 ostendit,
658 1909 698 1985 ad
715 1910 871 1984 Ortnlem
887 1911 933 1986 itn
946 1909 1095 1985 scribens
1107 1941 1153 1983 :·«
1169 1909 1236 1984 Sed
1248 1928 1361 1984 tamen
1376 1909 1413 1984 in

336 2059 354 2094 s
376 2029 476 2104 tantis
488 2029 707 2118 meroribus,
724 2029 859 2115 Ortnle,
877 2031 976 2103 mitto
993 2031 1075 2102 Hoeo
1088 2057 1242 2132 expressa
1259 2029 1324 2102 tibi
1341 2057 1412 2103 osr-

336 2177 354 2210 n
375 2145 464 2220 mina
482 2145 652 2220 Battiadae.
670 2141 688 2211 >i
703 2149 775 2220 Neo
785 2143 992 2242 ineleganter
1003 2145 1124 2241 elegias
1139 2144 1311 2247 scripsisse
1322 2144 1412 2219 exis·

329 2263 466 2336 timetur
482 2263 691 2366 Euphorion.
721 2258 836 2365 Apud
850 2263 994 2337 Lutinos'
1014 2265 1112 2349 ve'ro,
1132 2263 1220 2336 inter
1243 2260 1411 2358 elegiacos

331 2399 448 2481 poetes
474 2381 615 2456 maxime
639 2379 957 2466 celebressuerunt,
976 2376 1150 2465 Catullus,-
1164 2378 1304 2466 Calvus,
1323 2381 1410 2454 Cor·

331 2495 440 2577 nelius,
455 2497 590 2586 Gallus,
609 2493 828 2599 Propertius}
845 2497 1005 2576 Tibullus
1014 2516 1054 2571 et
1064 2497 1220 2571 Ovidius
1237 2497 1305 2571 sed
1316 2497 1409 2573 Calvi

329 2635 362 2691 et
377 2616 464 2690 Galli
476 2617 707 2693 nulleexstent
717 2644 831 2719 operat
847 2618 1021 2705 Tibullus,
1036 2617 1284 2716 Fabii-judeis,
1301 2636 1409 2693 tersus

330 2747 364 2804 et
381 2730 514 2826 elegans
530 2750 664 2817 auctor,
683 2724 797 2827 ele'gire
812 2729 979 2835 princeps.
1006 2733 1095 2806 Sunt
1116 2733 1174 2833 qni
1193 2733 1408 2833 Propertium

328 2842 454 2918 malint.
475 2847 619 2919 Ovidius
636 2865 783 2948 utmque
796 2848 975 2935 lnsbinior,
995 2847 1052 2921 sed
1068 2848 1210 2921 maxime
1229 2865 1409 2921 emunetus

329 2978 362 3033 et
377 2960 576 3061 perspicuus
592 2960 599 3035 ὲ
614 2965 671 3064 qui
687 2964 809 3039 mirum
826 2966 860 3038 iu
880 2964 1101 3040 rhodumboc
1115 2962 1286 3039 scribendi
1302 2992 1407 3060 genus

328 3075 524 3165 decoravit,
535 3098 575 3152 ut
589 3108 658 3153 non
677 3080 934 3183 immeritoipse
950 3082 991 3155 de
1007 3111 1043 3155 se
1058 3081 1202 3155 dixerit:
1223 3083 1405 3157 «Tantum

328 3225 346 3259 »
364 3220 398 3265 se.
415 3190 515 3266 nobis
531 3192 615 3288 elegi
631 3193 750 3267 debere
764 3196 925 3286 fstentu‘r,
939 3196 1116 3292 Quantum
1125 3192 1272 3289 virgilio
1285 3194 1402 3269 nobile

329 3342 346 3376 u
367 3310 466 3384 debet
482 3338 579 3412 opus.
597 3346 613 3375 u
635 3311 723 3387 Illud
739 3328 897 3414 tunquam
910 3312 1126 3388 eorolls'rium
1139 3314 1402 3412 uossdjunxisse

325 3424 440 3515 libuit,
456 3428 612 3502 Samdem
627 3429 804 3529 quemdam
817 3428 962 3523 Argium
976 3430 1121 3529 primum
1137 3428 1257 3526 elegias
1272 3432 1315 3506 ad
1329 3462 1402 3507 mu-

325 3541 412 3617 sicos
428 3544 603 3645 rhythmos
622 3572 737 3619 canere
754 3545 938 3619 instituisse
940 3602 1033 3620 .....
1173 3578 1178 3588 ·

718 3716 1004 3741 mmmmm*

480 3884 523 3955 u.
552 3885 804 3972 crorum,
829 3834 1241 3976 s'uuuouuusrs,

320 4064 467 4118 ovrurr
490 4052 729 4153 ostensio,
748 4035 800 4131 uu
822 4055 1250 4127 unrsuonruosuou
1275 4074 1397 4127 nnus.
1460 4053 1461 4080 ¹

368 4236 543 4335 QUIDAM,
558 4266 662 4341 quum
677 4237 775 4314 sciret
791 4258 924 4341 poetam
941 4241 1031 4317 hunc
1047 4261 1198 4317 nostrum
1212 4272 1282 4317 esse
1296 4243 1394 4317 fabo-
