3017 5000
313 456 378 541 edo
638 455 677 521 P.
710 454 892 525 OVIDII
919 454 1056 525 VITA

312 596 536 702 proculdubio
553 599 709 673 carminis
726 601 850 695 gratia,
869 599 961 702 quod
976 598 1074 700 getiae
1089 596 1131 672 ab
1151 624 1190 670 eo
1208 598 1400 672 concinna·-

314 734 402 802 tum‚
424 742 525 816 supra
541 713 695 789 vidimus.

363 834 405 903 V.
418 832 563 905 Ceteras
572 860 651 906 vero
663 831 811 931 ejusdem
821 832 900 907 libri
913 830 1105 934 Epistola,
1119 858 1223 932 quum
1233 829 1400 933 temporis

316 966 405 1021 notae
423 945 552 1035 desint,
570 948 668 1021 nobis
692 947 859 1022 nonlicet
885 947 926 1022 ad
947 964 1072 1021 eertum
1095 944 1239 1041 adligare
1258 973 1399 1018 annum.

315 1064 416 1139 Patet
433 1082 563 1139 tantum
579 1064 736 1167 inserper,
755 1084 808 1139 ΧΠ
827 1065 863 1138 Τ
861 1064 982 1138 uticano
997 1081 1077 1165 post
1092 1062 1239 1159 Augusti
1263 1062 1402 1137 obitum

317 1180 427 1255 datam
445 1209 533 1267 esse,
551 1210 592 1255 ex
607 1208 691 1256 vers.
712 1178 759 1281 39
774 1198 808 1254 et
825 1181 883 1274 4ο.
901 1183 951 1255 Ea
963 1180 1083 1255 deinde
1098 1178 1270 1280 posterior
1284 1196 1337 1253 est
1349 1178 1402 1252 de

316 1299 537 1399 eima-quarta,
559 1314 596 1371 ut
614 1295 748 1372 collatio
765 1298 873 1371 docet

498 1616 581 1671 Anno
596 1614 627 1668 C.
641 1632 718 1681 xv11;
733 1616 770 1669 U.
782 1614 815 1669 C.
828 1629 954 1681 eccum
969 1613 1061 1669 Ovidii
1073 1630 1118 1668 ux
1131 1623 1159 1667 et
1171 1620 1222 1667 nx.¹

391 1752 425 1807 C.
443 1752 611 1810 CAECILIO
629 1755 754 1823 RUFO,
774 1756 804 1809 L.
822 1754 1031 1812 POMPONIO
1050 1754 1208 1811 FLACCO
1223 1751 1329 1809 COSS.

370 1902 398 1973 1.
428 1899 685 1975 Germanicum
703 1900 759 1975 his
775 1899 975 1976 consulibus
998 1900 1044 1974 ad
1061 1918 1117 1974 v11
1139 1897 1263 1973 kalend.
1283 1894 1408 1972 Jum'oe

322 2012 552 2115 triumphatrice
563 2014 602 2088 de
615 2013 796 2100 Cheruscis,
816 2014 998 2117 Chattisque
1007 2032 1039 2090 et
1048 2014 1260 2116 Angniani's,
1273 2038 1409 2115 quaque

321 2130 396 2203 alia
413 2130 552 2204 rationes
571 2158 665 2234 usque
688 2130 734 2203 ed
752 2131 1010 2217 Abrincatum,
1042 2132 1163 2205 diserte
1185 2128 1287 2204 tradit
1304 2126 1409 2201 Taci-

324 2266 380 2323 tus
399 2258 421 2321 ¹·
443 2248 573 2322 Idcirco
593 2246 684 2322 haud
701 2264 777 2323 ante
796 2247 887 2323 hune
901 2278 1024 2323 annum
1045 2245 1188 2324 Ovidius
1202 2250 1409 2322 Fts'tolttm

323 2364 431 2439 libros
449 2363 570 2453 edidit3
597 2362 763 2466 siqnidem
781 2362 879 2439 istius
895 2365 1046 2466 triumphi
1058 2367 1207 2441 meminit
1223 2364 1285 2439 iib.
1303 2366 1342 2452 I,
1359 2364 1409 2438 sie

326 2479 439 2581 ipsum
454 2476 638 2580 adloquens
654 2478 793 2564 danum,
813 2509 928 2555 avers.
949 2507 1019 2582 277
1037 2513 1046 2555 ε

489 2629 526 2684 At
538 2651 587 2684 cur
592 2650 659 2699 pace
669 2630 733 2684 lates
743 2671 750 2700 ,
763 2630 895 2701 motisque
906 2630 1050 2686 recluderis
1060 2629 1155 2698 armis,
1165 2640 1213 2685 etc.

327 2747 411 2818 Mox
429 2747 522 2820 Deus
540 2747 746 2847 respondet:

493 2894 561 2948 Pace
575 2893 648 2948 fores
659 2894 745 2961 obde,
759 2915 793 2949 ne
808 2916 860 2966 qua
872 2896 1007 2952 discedere
1021 2899 1117 2968 possin

526 2978 701 3052 Cesareoque
714 2985 759 3035 dr‘u
773 2983 884 3037 numine
895 2987 1001 3038 clausus
1011 3005 1061 3040 ero.

329 3097 472 3198 Ipseque
488 3113 589 3197 poeta
604 3096 785 3196 subjungit
796 3099 840 3174 ad
856 3080 1092 3178 Germanicum
1105 3133 1114 3178 ε

498 3236 589 3304 Dixit,
607 3247 635 3292 et
647 3236 776 3293 adtollens
787 3240 877 3294 ocutos
889 3240 991 3294 diversa
1003 3250 1126 3308 tuentes,

525 3318 654 3390 Adspexit
665 3332 722 3375 toto
735 3321 863 3392 quidquid
877 3324 907 3376 in
920 3324 985 3376 orbe
997 3322 1057 3377 suit.

495 3405 551 3460 Pax
563 3417 636 3474 eret,
650 3417 677 3461 et
689 3413 782 3470 restet,
798 3409 962 3473 Gemanke,
976 3429 1053 3465 cansa
1062 3412 1199 3478 triumphi:

526 3489 685 3544 Tradiderat
696 3490 808 3545 [amulas
819 3493 875 3561 jam
887 3493 935 3546 tibi
946 3497 1052 3547 Rhenus
1063 3511 1157 3563 aquas,
1169 3505 1218 3549 ete.

331 3611 497 3714 Equidem
512 3613 579 3713 jam
597 3614 639 3689 ab
658 3645 747 3714 anno
765 3619 808 3690 U.
825 3618 864 3691 C.
884 3637 1092 3711 ncctxvssI,
1112 3618 1286 3721 triumphus
1301 3622 1361 3699 ille
1374 3625 1413 3699 de

335 3729 512 3804 Germania
533 3730 639 3805 eidem
654 3733 800 3836 principi
820 3735 972 3812 decretus
986 3736 1114 3825 finem,
1131 3755 1171 3811 ut
1186 3738 1260 3839 ipse
1274 3741 1414 3815 Tacitus

332 3862 409 3919 ante
428 3855 441 3884 ²
460 3867 648 3922 narraverat
664 3879 671 3922 :
686 3878 722 3922 ac
739 3851 882 3951 proinde
899 3853 1015 3927 saltem
1032 3853 1123 3928 hand
1141 3873 1216 3929 ante
1233 3855 1336 3932 istum
1353 3888 1415 3932 an-

335 3993 417 4038 num
434 3965 534 4038 Fasti
546 3965 683 4039 suerunt
698 3967 833 4066 vulgati.
852 3971 955 4068 Quod
973 3968 1077 4044 etalii
1095 3971 1299 4052 characteres
1315 4005 1414 4078 supra

366 4135 374 4164 ¹
388 4131 487 4185 Annal.
498 4129 543 4184 tit.
555 4132 600 4200 11,
614 4151 668 4202 cap.
684 4136 722 4200 dr.

365 4217 377 4247 ²
394 4213 451 4269 lbid
471 4233 526 4284 cap,
542 4215 583 4270 ae.
