3017 5000
318 483 363 550 68
495 479 778 552 EXCURSUS
803 483 857 553 IN
881 483 1063 553 OVIDII
1089 483 1216 554 IBIN.

316 623 407 699 Hinc
424 617 611 727 Hesychius
628 620 792 728 Κινύφιόν,
816 627 948 728 inquit,
972 635 1023 701 τὸν
1039 617 1165 702 herardo
1184 637 1244 703 ἀπὸ
1262 635 1401 732 Kotiqov
1434 719 1437 723 Ἰ

315 757 369 820 τοῦ
389 755 545 838 ποταμοῦ,
564 744 697 818 tametsi
715 761 867 832 constet,
886 744 1011 840 regiam
1028 746 1139 821 Antei
1154 747 1196 820 ad
1217 766 1401 824 extremum

315 853 502 937 Oceanum¹
516 859 619 934 finisse
644 860 766 958 :unde
787 877 925 962 apparet
934 857 953 949 ,'
974 851 1181 963 Cinyphium
1205 854 1403 959 generaliter

314 979 403 1052 sumi
415 1007 479 1079 pro
491 976 638 1077 Libyco,
656 1005 749 1050 more
760 975 1088 1077 scilicetpoetarnm,
1103 967 1228 1078 quibus
1240 980 1401 1054 usitatum

311 1093 472 1198 peculiari
489 1081 588 1167 unius
608 1091 675 1167 loci
698 1093 833 1168 nomine
850 1111 956 1168 totam
980 1092 1153 1189 designare
1179 1093 1398 1196 provinciam.

311 1211 428 1312 Neque
441 1236 519 1284 vcro
535 1209 634 1284 refert
644 1210 737 1311 qnod
748 1209 838 1297 Ibis,
853 1208 930 1283 licet
940 1210 1139 1311 AEgyptius,
1153 1211 1198 1284 ad
1211 1211 1401 1312 Cinypbem

311 1327 422 1404 editus
438 1325 585 1423 fingatur
604 1357 612 1400 :
630 1345 739 1427 poeta
757 1325 923 1428 siquidem
938 1355 1010 1400 non
1026 1326 1128 1402 semel
1144 1326 1320 1424 regionum
1337 1359 1401 1403 no·

309 1443 459 1519 minibus
468 1459 610 1545 propter
622 1441 777 1516 viciniam
790 1442 990 1516 abutuntur.
1006 1443 1063 1517 Sic
1073 1444 1162 1516 enim
1175 1442 1400 1534 Claudianus,
1445 1538 1448 1542 Δ

221 1635 226 1644 ,
311 1575 345 1632 et
362 1558 434 1659 ipse
448 1556 716 1646 Alexandrinus,
731 1558 791 1659 qui
801 1585 941 1632 uxorem
949 1559 985 1631 in
997 1559 1107 1658 patria
1120 1559 1271 1650 duxerat,
1283 1561 1401 1665 Libyae

310 1669 533 1774 appellatione
548 1698 631 1745 usus
648 1688 720 1759 est3
740 1671 896 1772 idemque
914 1672 1128 1761 Pelusiacas,
1151 1690 1187 1748 et
1206 1675 1403 1777 Canopieus

311 1819 331 1864 a
344 1788 486 1862 Sidonio
499 1787 610 1862 dictus
622 1805 693 1877 est,
716 1817 820 1888 quum
830 1807 940 1864 tamen
951 1789 1161 1866 Alexandria
1173 1809 1273 1866 natus
1290 1810 1399 1880 essen

311 1907 359 1982 sic
375 1906 550 1980 Ausonius
569 1905 722 1979 scribens
738 1905 775 1979 in
792 1905 1059 2009 Monosyllabis:

438 2053 594 2110 Threicium
606 2093 614 2123 ,
626 2053 757 2126 Libycum
767 2052 852 2122 freta,
866 2054 1100 2127 Cimmeriumque
1109 2056 1178 2113 serat
1187 2059 1242 2114 bos.

309 2177 376 2250 Per
400 2173 553 2278 Libycum
572 2171 731 2269 intelligit
749 2173 957 2275 AEgyptum,
975 2194 1014 2248 nt
1031 2175 1178 2273 Scaliger
1194 2177 1397 2253 observavit.

310 2293 366 2366 sie
376 2293 479 2367 Persa
496 2319 557 2392 pro
571 2291 675 2366 Medo
692 2309 725 2365 et
741 2311 880 2367 contra:
900 2293 994 2367 sicin
1011 2293 1189 2370 Catalectis
1204 2294 1398 2399 Galluspro

309 2408 494 2496 Britanno,
512 2425 651 2509 propter
667 2407 843 2509 utriusque
859 2409 971 2518 gentis
983 2410 1196 2486 vicinitatem.
1225 2412 1294 2498 lta,
1314 2441 1400 2514 qno

313 2528 403 2601 niam
429 2523 658 2598 Hadriaticum
676 2552 765 2598 mare
782 2523 881 2597 lonio
899 2525 1130 2624 conjungitur,
1147 2536 1223 2601 κατὰ
1237 2534 1399 2623 μετάδοσιν

309 2660 363 2721 τοῦ
388 2651 530 2739 ὀνόματος
548 2640 682 2715 lonium
701 2638 906 2742 appellatur,
935 2659 969 2714 et
990 2642 1127 2717 lonium
1148 2643 1294 2718 vicissim
1319 2646 1398 2741 Ha·

310 2760 503 2845 driaticum,
523 2774 562 2830 ut
579 2752 754 2857 Apollonii
772 2754 977 2829 scholiastes
993 2754 1035 2828 ad
1050 2758 1229 2857 Argonaut.
1247 2756 1308 2831 lib.
1324 2760 1396 2849 IV,

310 2898 345 2953 et
359 2873 561 2952 Eustachius
580 2872 622 2946 ad
633 2870 798 2975 ,Dionysii
817 2871 1007 2974 Periegesin
1023 2889 1152 2946 notant.
1173 2874 1316 2949 Ovidius
1331 2904 1399 2950 an-

311 3011 378 3068 tem
396 3018 463 3090 quo
480 2992 767 3081 oreparopoluuot'sv
783 2984 871 3057 lbidi
890 3013 952 3057 suo
971 2986 1205 3086 exprobraret,
1223 2986 1316 3087 juxta
1334 2991 1398 3063 Ci-

250 3156 253 3165 ι
309 3108 454 3211 nyphcm
473 3119 588 3177 uatum
605 3100 729 3195 fingere
746 3099 829 3173 mihi
847 3098 995 3185 videtur,
1014 3099 1074 3172 ubi
1091 3103 1315 3201 procerissimi
1331 3134 1397 3181 ua·

310 3238 450 3299 scuntur
464 3214 572 3303 hirci,
595 3214 653 3315 qui
671 3215 748 3286 inde
767 3212 929 3313 Cinyphii
946 3212 1104 3287 dicuntur
1120 3214 1224 3304 Silio,
1240 3214 1300 3291 lib.
1317 3220 1395 3309 ltl;

311 3337 477 3424 Martiali,
496 3335 555 3408 lib.
566 3336 627 3405 Vll
643 3390 652 3417 ,
667 3332 914 3433 Epigrammate
928 3330 965 3402 in
979 3330 1117 3419 Linnm3
1133 3332 1212 3408 item
1228 3335 1396 3433 Virgilio,

316 3458 430 3557 Georg.
446 3453 505 3527 lib.
524 3454 592 3539 lll,
612 3478 716 3551 quum
733 3450 801 3521 ait:

473 3600 530 3654 Nec
542 3598 630 3651 minus
642 3596 742 3649 interea
753 3594 862 3659 barbas,
876 3592 1022 3663 incanaque
1033 3605 1125 3649 menta

478 3678 605 3751 Cinyphii
618 3676 731 3730 tondent
742 3674 844 3728 hirci...

309 3801 375 3878 Sed
390 3800 459 3873 haec
474 3798 636 3869 hactenus
650 3821 723 3893 quae
737 3819 799 3892 pro
813 3790 992 3893 compertis
1003 3820 1073 3865 non
1090 3792 1266 3883 tradimus,
1281 3793 1397 3873 donec

309 3942 410 4017 super
424 3913 466 3985 iis
482 3909 598 3983 habita
614 3908 683 3981 sint
696 3904 884 3979 doctiorum
899 3906 1044 3979 comitia.

490 4127 599 4173 rtrtts
629 4122 831 4170 EXCURSUS
859 4123 897 4167 [N
926 4124 1060 4168 otum
1089 4124 1187 4171 IMN.
