3017 5000
591 491 711 558 IBIS.

116 631 217 708 lilius
232 649 267 705 et
285 631 415 704 Cereris
431 627 554 704 frustra
571 629 634 703 tibi
653 657 783 731 semper
798 648 943 718 ametur,

159 747 397 847 Destituatque
415 763 489 820 tuas
503 773 609 847 usqne
627 747 750 847 petitus
771 773 862 847 opes.

118 869 228 967 thue
245 893 305 966 per
321 864 468 939 alternos
485 863 575 937 unda
590 861 722 938 labente
737 891 891 939 recursus

163 979 383 1055 Subtrahitur
397 1005 512 1080 presso
529 975 639 1052 mollis
654 1007 750 1052 arena
765 977 863 1078 pedi;
1180 1078 1182 1083 Ι

120 1094 170 1168 Sic
188 1113 246 1169 tua
263 1094 375 1168 nescio
394 1122 463 1194 quo
479 1119 609 1192 semper
625 1090 760 1165 fortuna
776 1091 961 1192 liquescat,
1138 1113 1188 1182 tas·

16 1193 17 1210 l
162 1214 343 1312 Lapsaque
360 1235 419 1309 per
433 1207 558 1286 medias
577 1206 689 1281 effluat
704 1235 811 1307 usque
826 1235 953 1281 manus.

16 1387 17 1394 ,
121 1332 232 1430 thue
248 1343 343 1429 pater
358 1325 463 1399 solita
480 1325 585 1399 varias
600 1342 727 1398 mutare
744 1324 884 1419 figuras,

16 1517 17 1534 ,
165 1444 294 1518 Plenus
313 1441 510 1518 inexstincta
523 1439 779 1514 deficiarefame.

121 1565 187 1635 Ner
207 1561 302 1662 dapis
319 1557 470 1632 humanas
485 1557 616 1632 venient
629 1555 780 1643 lastidia3
795 1585 927 1658 quaque

16 1731 17 1772 i
121 1771 233 1821 magnus
252 1748 396 1804 Turnebus
418 1747 514 1818 aliique
534 1749 563 1801 in
584 1747 635 1802 boc
716 1754 773 1816 4²²·
788 1751 989 1818 Usquepetr'tus.
1007 1754 1076 1820 Sne
1089 1753 1195 1808 Surrar.

16 1819 17 1848 ³
122 1831 184 1885 loto.
205 1831 242 1884 H.
261 1858 294 1872 ··-
317 1830 413 1896 Quique
428 1838 513 1881 tenent
524 1839 634 1896 pontem
683 1837 712 1881 et
730 1827 785 1881 duo
804 1827 854 1882 alii.
873 1827 1001 1882 Heinsius
1020 1830 1195 1903 conjiciebat,

123 1910 163 1964 Sit
171 1906 290 1961 Martial.
299 1907 344 1960 lib.
354 1907 394 1972 X,
409 1905 499 1976 Epigr.
511 1923 528 1956 v
542 1906 569 1958 in
582 1924 636 1958 rna·
685 1909 864 1976 Destituatque
875 1927 925 1961 sua
941 1927 1006 1976 supe
1015 1915 1114 1978 petitus
1128 1931 1192 1979 ope,

122 1987 237 2042 ledirurn
256 2003 264 2036 s
278 1985 404 2038 «Pontes
422 2004 469 2053 per
482 1983 553 2036 urbis
565 1993 636 2036 erret
685 1982 741 2049 vel,
757 2003 830 2036 suam
841 2005 920 2054 opem.

124 2064 214 2128 ersul,
234 2074 264 2116 et
280 2062 377 2128 clivos,
397 2061 524 2130 Interque
544 2077 636 2114 raucos
719 2063 776 2128 Μ.
795 2063 887 2115 Molle
902 2083 981 2116 arena
995 2068 1068 2132 pede.
1087 2069 1155 2118 Pedi
1167 2084 1198 2119 er

16 2179 17 2182 =
124 2145 232 2198 ultimus
253 2152 414 2211 rogatores,
439 2139 508 2195 Oret
530 2139 638 2194 caninas
685 2139 846 2195 melioribus.
861 2143 962 2198 Herus.

125 2223 196 2290 panis
209 2220 326 2289 improbi
339 2220 438 2272 buccas.
449 2241 462 2263 ¹·
477 2218 511 2270 Et
520 2219 638 2272 Juvena-
719 2221 776 2284 425.
788 2219 831 2272 Sr'c
845 2229 891 2273 tua
908 2226 993 2274 nescio
1011 2243 1070 2291 qua.
1092 2226 1148 2292 Quo
1166 2243 1199 2280 ex

16 2303 17 2306 ’
127 2303 168 2369 lis,
180 2302 235 2356 Sat,
247 2301 288 2366 V,
299 2318 396 2370 egenos
408 2299 436 2351 in
445 2297 568 2368 pontibus
577 2315 639 2350 con·
685 2291 788 2348 iisdem.
803 2295 904 2350 Hrrtrs.

16 2383 17 2386 ’
125 2381 207 2434 sidere
227 2379 341 2444 solitos,
360 2376 510 2430 adserit-
525 2377 578 2442 Qui
591 2379 642 2427 tr'br'
719 2373 1200 2443 427.Utyueputer.Erisirbtbon,suc·

16 2471 17 2511 ἲ
126 2456 401 2529 uybren’uTurneb.
410 2453 519 2509 Advers.
530 2453 574 2507 lib.
582 2452 637 2520 lX,
686 2451 737 2505 cisa
754 2471 874 2521 quercu,
889 2451 1031 2526 Dryadum
1048 2455 1168 2525 precibus
1184 2479 1199 2511 a

16 2552 17 2557 ¹
126 2558 178 2607 rap.
190 2542 240 2603 25,
256 2534 396 2588 videbatur
407 2532 549 2587 dicendum
561 2536 607 2599 qui
615 2541 640 2585 te
688 2532 788 2587 Cerere
804 2534 869 2586 irata
882 2544 954 2587 tanta
969 2534 1041 2589 fame
1057 2539 1200 2605 torqueba-

126 2617 279 2683 aujoren't:
288 2611 334 2665 sed
343 2609 484 2680 significat,
497 2610 542 2678 qui
552 2610 579 2662 in
589 2608 640 2663 tuis
688 2622 748 2678 tur,
763 2622 793 2665 ut
804 2624 910 2667 coaetus
920 2614 954 2666 sit
968 2613 1084 2667 rendere
1099 2614 1200 2683 liliam,

16 2750 17 2755 ,
128 2691 273 2762 majoribus
280 2686 638 2756 numerabiturwelpotius,
688 2688 825 2761 Dryopida
841 2708 848 2741 :
866 2690 907 2742 vel
926 2701 954 2745 ut
972 2690 1014 2743 alii
1027 2692 1122 2745 volunt
1135 2694 1200 2745 Me-

126 2774 171 2844 qui
180 2770 280 2841 judicio
288 2780 347 2834 tuo,
360 2766 388 2820 in
398 2765 640 2835 majoribusnume-
687 2774 775 2819 strum.
788 2767 907 2822 Vendita
922 2768 1004 2823 modo
1019 2790 1068 2839 pro
1080 2772 1196 2841 virgine,

127 2854 244 2917 rabitur,
266 2859 294 2901 et
306 2864 386 2915 quem
402 2865 455 2915 proe
471 2858 497 2899 te
512 2864 639 2915 magnum
688 2847 770 2901 modo
787 2866 836 2916 pro
853 2848 907 2901 aliis
921 2848 1113 2918 animantibus,
1132 2854 1200 2921 patri

16 2948 17 2955 ¹
128 2930 211 2997 diues,
228 2926 351 2996 quamvis
368 2922 424 2978 aliis
441 2922 473 2977 sit
490 2922 598 2977 infimus
613 2932 641 2975 et
689 2925 814 2978 alimenta
832 2924 878 2978 diu
899 2928 1107 2983 subministravit
1126 2950 1133 2984 :
1152 2931 1199 2983 sed

16 3004 17 3011 ἵ
128 3006 326 3079 abiectissimus·
340 3004 455 3057 Dsssm·
689 2999 798 3056 tandem
824 3014 929 3057 coactus
949 3016 987 3057 est
1009 3006 1089 3059 miser
1110 3026 1202 3061 morsu

159 3093 216 3154 4²¹·
229 3088 316 3139 fitius
326 3093 354 3137 et
366 3086 470 3137 Cereus.
486 3082 568 3134 Hunc
579 3098 640 3134 orn·
689 3082 809 3151 proprios
821 3094 892 3135 artus
902 3083 1026 3138 lacerare.

16 3182 17 3189 1
128 3186 175 3219 m
196 3166 287 3218 locum
310 3179 372 3214 meo
393 3158 501 3229 quidem
522 3157 640 3226 judicio,
723 3160 782 3226 428.
801 3162 947 3231 Curficr'ure.
964 3166 1113 3218 Destituere
1126 3184 1202 3219 non-

128 3244 192 3297 l'also
204 3244 432 3309 interpretantur,
442 3238 525 3305 quum
537 3236 569 3289 de
579 3232 643 3288 Tri-
691 3237 774 3300 nulli;
786 3238 1085 3307 dficr'ureeodexdureti
1095 3283 1103 3309 ,
1115 3244 1199 3308 bene;

129 3323 267 3394 ptolemo,
289 3330 335 3374 aut
358 3318 464 3375 Asterio
484 3312 642 3386 intelligunt.
691 3317 750 3371 vide
762 3318 845 3372 Notas
855 3318 937 3387 Epist.
947 3320 983 3386 V,
999 3341 1035 3373 vs.
1050 3326 1104 3375 150.
1115 3324 1152 3377 H.

131 3403 240 3455 Plutum
262 3398 335 3453 enim
356 3395 499 3465 intelligit,
518 3394 592 3461 cujus
614 3394 643 3445 in
725 3398 782 3467 429.
801 3397 856 3448 Nec
870 3399 946 3463 dapis
958 3399 1080 3452 humanu.
1093 3400 1203 3473 Tydeus

131 3478 287 3549 Theogonia
301 3474 436 3529 Hesiodus
450 3472 518 3526 hanc
528 3471 643 3525 fabulam
693 3469 776 3526 OEnei
785 3470 944 3541 regisfilius,
955 3475 1011 3543 vel,
1024 3489 1054 3531 ut
1063 3478 1119 3544 alii,
1131 3480 1203 3534 Mar·

130 3559 221 3613 refert.
231 3556 306 3611 Cum
316 3555 401 3620 lesio,
410 3553 439 3605 in
450 3550 562 3621 templo,
572 3550 643 3621 quod
692 3550 724 3603 tis
741 3561 768 3603 et
781 3546 902 3617 Altheae,
921 3551 950 3604 in
964 3552 1034 3608 bello
1045 3554 1176 3611 Thebano
1190 3579 1206 3611 a

130 3638 180 3691 init
189 3638 218 3690 irs
224 3634 329 3703 Tripoli
338 3632 552 3697 Cretrecivitate,
562 3629 644 3683 Ceres
693 3626 849 3700 Menalippo
863 3627 953 3682 lethali
966 3632 1075 3687 vulnere
1096 3654 1203 3704 percus-

130 3712 275 3769 ooueubuit
289 3731 297 3765 ε
311 3730 342 3764 sr
358 3710 451 3780 quibus
465 3708 559 3761 Plutus
568 3719 645 3761 natus
693 3724 736 3760 sus
748 3718 788 3760 est
800 3726 806 3759 ι
818 3706 993 3763 moribundus
1005 3710 1130 3785 Tydeus,
1142 3714 1206 3767 Me-

129 3802 184 3858 est,
196 3793 242 3860 qui
254 3790 384 3857 opulentiis
394 3784 646 3855 interpretamur-
694 3783 792 3853 ualippi
809 3796 889 3854 eaput
901 3784 934 3839 ad
952 3806 980 3841 ss
1000 3787 1100 3844 deierri
1116 3794 1207 3861 jussit:

130 3888 193 3936 ras,
212 3868 366 3938 quicunque
380 3864 451 3917 bunc
467 3862 570 3927 adibat,
588 3860 647 3914 slli-
696 3862 766 3931 quod
779 3861 918 3934 Capaneus
931 3884 946 3919 e
960 3868 1070 3938 vestigio
1085 3868 1112 3922 in
1129 3873 1208 3943 ipsius

131 3948 258 4001 elebatur.
271 3944 417 3999 ideonunc
428 3951 505 4011 poeta
517 3938 647 4008 impreca-
696 3939 782 4011 Tydei
804 3952 974 4011 conspectum
995 3948 1132 4016 portavit:
1154 3969 1207 4019 quo

132 4037 178 4077 tur
190 4022 341 4078 mendicam
356 4021 384 4074 in
400 4020 537 4072 inimicum
552 4017 647 4071 vitam:
698 4018 1210 4093 visoletatus'lydeussserebrumden·

132 4116 161 4158 et
172 4102 246 4173 quod
256 4100 277 4156 si
287 4102 358 4156 forte
367 4098 478 4154 Plutum
491 4098 589 4164 adiret,
600 4118 649 4151 cu·
697 4096 766 4151 tibus
778 4100 906 4167 corrosit,
924 4111 953 4154 ut
967 4101 1066 4155 Statius
1078 4103 1105 4155 in
1117 4115 1210 4189 oqavo

134 4182 174 4250 pit
188 4193 217 4235 ut
227 4182 261 4235 ab
272 4199 305 4235 eo
315 4188 477 4249 spernatur,
493 4176 536 4232 eui
549 4188 574 4230 et
587 4175 648 4228 odio
698 4173 850 4229 Thebaidos
861 4178 1215 4235 scribitzsm-Tibe'erurr

134 4260 176 4314 gis,
193 4260 262 4311 Zu,
692 4252 816 4320 sustridr'u.
834 4256 895 4307 Tr'ds'
904 4260 959 4309 sin!
975 4258 1062 4312 Jurel.
1080 4270 1106 4313 et
1124 4260 1209 4329 quin·

237 4358 350 4431 7111,
1019 4362 1037 4425 3
