3017 5000
337 422 398 517 176
666 428 704 493 P.
731 426 916 495 0v1u11
947 430 1083 499 vrrs

332 565 518 641 tituendum
532 567 726 669 suscepisse.
741 570 835 644 Idem
846 570 966 646 diserte
978 573 1069 647 canit
1082 570 1318 647 Albinovanus
1327 574 1414 647 Con·

330 682 392 755 sol.
410 684 452 757 ad
468 682 610 772 Liviam,
632 686 671 759 de
686 688 801 760 Morte
817 687 939 774 Drusi,
956 715 976 760 a
992 714 1075 761 vers.
1095 684 1168 759 283
1185 716 1194 759 :

496 830 589 901 Adjice
602 833 707 886 ledeos
717 874 723 897 ,
736 832 879 887 concordia
890 833 976 887 sidera
986 874 994 901 ,
999 834 1114 901 fratres,

533 918 689 987 Templaque
702 920 822 972 Romano
834 918 1021 988 conspicienda
1023 920 1087 988 soro
1101 931 1151 975 etc.

499 1002 555 1055 Nec
566 992 612 1055 sua
623 1003 784 1073 conspiciet,
797 1002 925 1056 miserum
937 1002 993 1056 rue!
1005 1024 1117 1058 munera
1129 1008 1231 1059 Drusus
1241 1047 1249 1069 ,

528 1086 585 1139 Nec
596 1105 643 1139 sua
654 1106 708 1156 prae
721 1087 814 1157 templi
826 1088 937 1140 uomina
950 1087 1040 1141 fronte
1054 1088 1138 1159 leget!

493 1170 568 1241 Saepe
581 1172 663 1225 Nno
677 1176 685 1205 ¹
699 1172 727 1225 in
739 1172 861 1226 lacrimas
871 1173 1011 1227 summissa
1023 1192 1087 1226 vore
1101 1174 1242 1243 loquetur:

534 1254 592 1308 Cur
604 1255 670 1309 adeo
674 1256 789 1322 fratres,
804 1256 856 1309 beu
866 1256 872 1308 !
882 1257 939 1309 sine
950 1256 1050 1324 fratre,
1062 1258 1156 1309 Deos?

331 1372 398 1445 Dio
418 1384 431 1411 ²
450 1372 575 1472 pariter
595 1362 761 1459 testatur,
785 1372 820 1444 id
838 1370 1006 1473 templum
1019 1371 1194 1473 utriusque
1208 1372 1340 1462 liatris,
1358 1376 1415 1448 'li-

332 1488 419 1565 berii
437 1489 629 1589 Drusique,
653 1490 787 1564 bomine
804 1489 994 1563 dedicatum
1009 1488 1131 1577 luisse,
1153 1518 1311 1580 narrans,
1331 1492 1415 1566 illud

333 1607 431 1679 etiarn
441 1604 573 1703 plebem
585 1606 771 1679 Romanam
780 1606 937 1679 memoria
948 1606 1051 1680 Drusi
1061 1609 1273 1697 recreavisse,
1287 1642 1307 1674 «
1323 1610 1412 1711 qnod

334 1722 529 1796 »Tiberius
560 1723 593 1795 in
620 1721 828 1798 dedicatione
852 1722 932 1798 adis
950 1725 1101 1798 Castoris
1125 1742 1159 1799 et
1177 1724 1328 1801 Pollucis
1344 1757 1410 1802 non

334 1872 350 1907 s
374 1838 549 1915 Claudiani
570 1839 693 1927 modo,
713 1840 913 1940 (adoptatus
931 1842 1017 1915 enim
1036 1842 1072 1915 in
1089 1842 1246 1918 familiam
1265 1845 1413 1941 Augusti

334 1957 593 2033 »Claudianum
624 1986 659 2033 se
689 1986 754 2059 pro
779 1956 923 2032 Claudio
947 1959 1213 2060 nuncupabat),
1238 1962 1297 2037 sed
1324 1963 1412 2039 illius

333 2110 352 2143 s
376 2076 530 2174 (Drusi)
550 2102 686 2175 quoque
702 2102 826 2149 nomen
842 2076 874 2148 ei
888 2075 1070 2177 inscripsit.
1092 2112 1110 2141 »

381 2192 511 2266 Deinde
529 2194 620 2265 Naso
638 2191 752 2266 eodem
768 2191 881 2293 priore
898 2190 973 2265 loco
988 2191 1128 2279 indicat,
1146 2192 1306 2294 templum
1331 2194 1413 2270 illnd

329 2308 375 2381 ud
384 2309 484 2381 Ιοιωιι
501 2308 691 2393 Jutumum,
713 2326 753 2380 ut
766 2307 869 2382 babet
885 2307 983 2382 etiam
999 2308 1134 2396 ¹Victor,
1154 2309 1273 2398 luisse,
1286 2311 1325 2384 in
1338 2312 1411 2413 ipso

329 2423 571 2523 nimimmsom
589 2425 758 2510 Ηοιηαιιο,
787 2424 838 2498 uti
862 2423 935 2497 loca
957 2424 1060 2497 modo
1083 2451 1123 2497 ex
1143 2424 1360 2503 Albinovano
1378 2454 1413 2500 ac

331 2540 492 2614 Suetonio
512 2539 643 2614 laudata
661 2541 832 2628 evincunt,
854 2570 927 2642 quae
946 2540 1132 2616 doctissimi
1151 2542 1213 2615 viri
1230 2543 1383 2617 Donatus
1399 2542 1411 2580 ³

330 2684 367 2729 ac
390 2657 528 2729 Nardini
548 2653 560 2703 ⁴
579 2656 620 2730 de
637 2659 744 2731 Roma
760 2659 899 2758 antiqua
923 2658 1104 2731 scribentes
1126 2658 1333 2746 omiserunt,
1352 2657 1413 2731 alia

328 2771 551 2871 proferentes,
568 2801 640 2872 quae
651 2771 756 2846 lector
767 2770 929 2846 consulat.
942 2772 1074 2847 Addere
1089 2789 1196 2847 tamen
1212 2773 1309 2849 lubet
1322 2774 1411 2850 aliud

329 2889 438 2964 adbuc
456 2907 494 2964 ex
512 2893 639 2964 Nostro
657 2890 902 2976 testimonium,
926 2920 993 2989 quo
1011 2907 1124 2990 patet,
1141 2889 1290 2966 Castoris
1310 2892 1412 2967 aedem

330 3003 433 3078 fuisse
450 3003 634 3105 proximam
650 3003 738 3076 Julii
755 3003 892 3078 Coesoris
910 3005 1056 3105 templo,
1076 3005 1169 3106 quod
1189 3023 1223 3079 et
1239 3008 1275 3080 in
1292 3007 1410 3081 eodem

328 3121 401 3194 soro
419 3119 643 3193 constitutum
661 3138 794 3195 constat
807 3115 840 3208 ⁵,
858 3117 984 3194 scilicet
1001 3119 1060 3194 lib.
1079 3124 1112 3194 ll
1130 3151 1170 3196 ex
1188 3124 1324 3212 Ponto,
1343 3127 1406 3225 Ep.

330 3255 376 3326 11,
397 3264 479 3310 vers.
499 3235 546 3308 85
563 3253 595 3308 et
609 3234 656 3308 86
672 3265 680 3309 :

494 3381 630 3437 Fratribus
641 3381 797 3447 adsimileis,
810 3399 875 3450 quos
886 3381 1005 3449 proxima
1017 3381 1115 3451 templa
1127 3393 1249 3438 tenentes

525 3463 610 3518 Divus
621 3465 653 3518 ab
665 3465 763 3518 excelsa
774 3464 862 3518 Julius
873 3462 929 3516 sede
942 3463 1021 3518 videt

359 3610 369 3640 ¹
387 3606 510 3660 Tiberius
522 3624 618 3676 nempe
633 3605 724 3671 Nero,
738 3602 820 3658 Drusi
832 3603 915 3658 frater
928 3615 992 3658 nato
1004 3607 1106 3676 major,
1124 3607 1168 3674 qui
1182 3617 1241 3676 post
1255 3605 1404 3676 Augustum

327 3690 474 3762 imperavit.

358 3778 370 3806 ²
388 3775 444 3828 Lib.
455 3775 515 3842 LV,
529 3795 585 3848 pag.
596 3776 651 3847 567.

359 3855 370 3889 ³
386 3856 444 3910 Lib.
458 3856 501 3922 ll,
515 3877 569 3926 cap.
584 3879 622 3928 17.

357 3939 369 3977 ⁴
387 3939 443 3992 Lib.
459 3939 543 4007 Vlll,
556 3958 610 4010 cap.
625 3941 649 4006 4.

358 4021 370 4054 ³
387 4021 452 4076 Aliis
465 4021 581 4088 omissis,
602 4033 642 4076 sat
654 4023 705 4077 erit
717 4021 848 4089 Ovidius,
865 4023 936 4078 Fast.
946 4025 990 4078 lib.
1008 4025 1065 4092 lll,
1079 4045 1144 4080 vers
1158 4044 1205 4096 7⁰²
1220 4045 1226 4079 :
1243 4047 1258 4072 κ
1271 4027 1344 4095 Qua
1356 4047 1403 4082 oe-

325 4103 389 4158 cidit
400 4103 480 4170 ferro,
494 4108 602 4158 Cesarr's
614 4105 708 4158 umbra
717 4104 775 4158 suit.
787 4105 833 4158 llle
844 4106 953 4175 quidem
960 4107 1023 4162 coelo
1036 4109 1133 4178 positus
1144 4107 1219 4162 Jovis
1230 4109 1295 4162 atria
1301 4123 1401 4174 servat,

328 4187 364 4241 Et
376 4199 448 4242 tenet
463 4189 491 4241 in
502 4207 600 4258 magno
611 4194 705 4258 templa
716 4187 802 4243 dicata
812 4193 907 4245 Foro.»
1467 4182 1469 4187 ¹
