3017 5000
314 500 375 583 164
634 502 674 564 r.
709 498 889 565 0v1n11
921 497 1059 565 vrrs

304 660 385 745 pust
403 642 547 741 priorem
564 638 683 712 horum
700 637 866 713 librorum
887 638 1067 712 editionem
1085 635 1213 710 addidit
1228 637 1380 711 secundae

306 760 369 837 sub
384 759 453 833 haec
466 773 616 857 tempora
631 756 742 843 sacta,
762 783 866 856 quum
881 755 1026 830 Ovidius
1040 756 1108 854 jam
1124 754 1382 857 quadragenarius

304 892 431 1071 eissille
448 1006 527 1065 sunt
543 986 718 1088 ipsiusmet
738 986 855 1061 Ovidii
880 987 1092 1073 testimonia,
1112 986 1237 1087 quibus
1261 984 1383 1060 diserte

304 1102 491 1205 profitetur,
506 1130 540 1177 se
556 1100 742 1201 Tragndias
758 1102 941 1202 scripsisse.
956 1101 1128 1175 SieTrist.
1145 1099 1207 1173 lib.
1227 1101 1282 1188 ll,
1299 1128 1381 1175 aas

307 1217 378 1319 519
394 1236 428 1323 et
446 1216 533 1303 520,
552 1216 593 1291 ad
610 1218 827 1312 Augustum:

466 1363 501 1417 Et
512 1383 570 1417 mea
581 1372 643 1417 sunt
655 1363 752 1433 populo
763 1366 861 1417 saltata
865 1372 986 1432 pomata
997 1384 1083 1435 sepe:

501 1456 577 1526 Sepe
590 1456 679 1509 oeulos
689 1457 771 1509 etism
783 1455 923 1511 detinuere
936 1468 1005 1512 tuos.

302 1574 445 1649 Inferius
464 1600 562 1655 vero,
580 1598 663 1644 vers.
686 1570 757 1643 553
775 1588 808 1645 et
826 1570 921 1665 554:

467 1720 503 1773 Et
516 1718 637 1773 dedimus
647 1724 751 1787 eramen
763 1720 890 1788 scripturn
903 1721 990 1791 regale
1001 1725 1147 1777 cosdumis:

498 1811 621 1880 Quaque
634 1810 718 1881 gravis
730 1810 810 1865 debet
822 1810 903 1864 verba
913 1814 1050 1865 cothurnus
1064 1812 1150 1881 babet

299 1930 447 2005 Tandem
466 1947 498 2003 et
513 1929 616 2003 Trist.
636 1928 694 2001 lib.
716 1930 758 2015 V,
773 1927 867 2023 Eleg.
888 1948 965 2019 vu,
982 1959 1064 2004 vers.
1083 1930 1216 2005 25-28:

467 2074 595 2129 Carmina
607 2074 678 2145 quod
690 2074 977 2143 pleno-sallaen'nnstra
987 2081 1100 2140 theatro,
1192 2086 1197 2097 ⁴

497 2166 625 2221 Versibus
637 2176 664 2219 et
677 2164 766 2235 plaudi
777 2164 884 2233 scribis,
896 2166 996 2235 amice,
1008 2168 1090 2232 meiss

463 2256 506 2311 Nil
520 2255 645 2326 equidem
657 2255 708 2309 leci
722 2259 767 2323 (tu
778 2256 828 2310 scis
841 2255 892 2310 lroc
903 2256 977 2326 ipse)
990 2260 1097 2311 theatra.

299 2386 457 2484 Legimus
472 2414 592 2486 nempe
608 2384 674 2458 hoe
692 2401 865 2485 postremo
881 2412 979 2460 versu
995 2411 1065 2457 non
1081 2383 1228 2472 theatris,
1250 2405 1292 2461 ut
1307 2389 1382 2463 vul·

303 2533 398 2601 geres
424 2502 657 2585 libriferum,
681 2502 740 2576 sed
764 2500 893 2576 theatra.
920 2502 1054 2576 Etenim
1070 2531 1111 2576 ex
1128 2520 1202 2576 toto
1221 2523 1381 2581 contextu

300 2619 512 2694 manifestum
528 2629 596 2703 est,
614 2615 774 2690 Ovidium
793 2645 863 2689 non
877 2615 944 2690 sibi
958 2615 1058 2705 velle,
1078 2645 1112 2691 se
1128 2617 1213 2690 nihil
1229 2617 1378 2706 theatris,

300 2736 335 2810 id
349 2752 419 2821 est,
436 2732 477 2806 ad
493 2730 633 2815 theatra,
652 2730 703 2804 rel
721 2731 813 2831 quod
829 2731 955 2808 theatris
970 2731 1163 2821 saltaretur,
1181 2736 1358 2837 scripsisse
1372 2769 1381 2824 ;

303 2850 360 2926 sed
386 2849 521 2923 omnino
548 2845 756 2942 significare,
780 2873 816 2922 se
841 2846 939 2922 nihili
958 2848 1086 2942 secum,
1115 2879 1174 2924 seu
1202 2853 1382 2928 estimasse

301 2966 429 3042 theatra.
450 2967 560 3063 Quem
577 2988 709 3038 sensum
729 2963 851 3046 evincit
866 2982 899 3038 et
914 2965 1124 3068 subsequens
1139 2969 1324 3045 versiculus
1341 3004 1348 3044 :

467 3112 546 3166 Musa
558 3130 608 3164 nec
621 3111 647 3164 in
661 3109 765 3179 plausus
780 3111 916 3166 ambitiosa
927 3130 987 3167 mea
1000 3124 1054 3179 est,
1067 3124 1117 3168 ete.

351 3239 410 3310 lv.
428 3234 483 3308 Ad
500 3263 536 3307 ea
552 3262 655 3335 porro
672 3235 788 3335 tragica
802 3235 963 3325 earmina,
983 3266 1055 3338 qua
1072 3240 1230 3315 antehoc
1247 3259 1382 3344 tempus

303 3369 449 3455 coeperat
468 3349 624 3452 quidem,
648 3350 704 3424 sed
722 3350 768 3423 ob
784 3354 945 3427 amatoria
967 3384 1037 3428 non
1059 3355 1269 3450 absolverat,
1297 3362 1380 3436 neie-

299 3469 440 3544 rendum
456 3466 549 3569 quod
567 3465 800 3540 haberemur.
817 3463 879 3542 lib.
898 3469 954 3559 li,
970 3469 1066 3567 Eieg.
1083 3492 1115 3560 1,
1134 3503 1154 3548 a
1170 3505 1254 3551 vers.
1278 3505 1342 3551 11:

465 3615 554 3668 Ausus
565 3631 639 3666 eram
651 3653 658 3679 ,
672 3613 799 3680 memini,
814 3613 925 3669 caelestia
938 3615 1025 3673 dicere
1036 3616 1119 3682 bella,

458 3735 462 3746 ·
503 3703 749 3772 Centimanumque
762 3703 874 3778 Gygem·
886 3717 914 3761 et
925 3709 987 3762 satis
997 3709 1052 3762 oris
1061 3721 1136 3764 erat:

471 3795 566 3867 Quum
581 3795 649 3848 male
661 3814 689 3847 se
701 3794 793 3849 Tellus
805 3797 858 3850 ulta
870 3808 927 3864 est,
940 3799 1093 3869 ingestaque
1105 3799 1224 3873 Olympo

501 3885 594 3939 Ardua
606 3885 735 3938 devexum
746 3887 842 3940 Pelion
853 3886 920 3942 Ossa
933 3889 1002 3943 tulit.

465 3976 497 4031 ln
511 3975 634 4028 manibus
647 3974 766 4043 nimbos,
779 3988 806 4030 et
817 3997 879 4032 curn
889 3981 959 4034 Jove
969 3979 1071 4036 fulmen
1083 3982 1209 4054 habenti,

500 4064 584 4135 Quod
597 4065 665 4120 bene
678 4084 727 4134 pro
737 4067 801 4121 caelo
811 4069 931 4123 mitteret
942 4070 985 4125 ille
993 4093 1057 4140 suo,

465 4155 567 4210 Clausit
578 4157 661 4212 amica
672 4156 743 4212 iores
754 4177 762 4212 ε
773 4178 822 4230 ego
833 4179 895 4214 eum
907 4161 975 4216 Jove
987 4161 1089 4219 fulmen
1099 4164 1192 4228 omisi,
1205 4176 1253 4220 ete

465 4245 607 4300 Blanditias
618 4244 756 4316 elegosque
767 4249 836 4304 leves
843 4289 851 4317 ,
864 4270 926 4306 mea
937 4252 1006 4321 tela,
1020 4255 1146 4322 resumi,
1158 4265 1209 4309 ete.
