3017 5000
300 474 359 515 rra
631 452 670 517 Ρ.
706 451 885 519 OVIDII
912 451 1047 517 VITA

293 618 373 666 sam.
394 590 434 664 ld
454 591 541 665 enim
557 614 640 666 non·
653 593 777 668 evincit
798 592 919 667 Statius
931 593 983 667 *ab
1002 610 1146 694 utroque
1169 591 1212 666 cl.
1241 593 1314 665 viro
1344 594 1383 675 in

297 709 442 783 medium
451 708 618 813 prolatus,
637 710 741 812 etqui
754 708 848 785 solus
862 710 1000 812 quidem
1010 712 1109 785 istius
1122 710 1293 813 opinionis
1294 710 1382 809 sun-

296 821 356 896 dus
380 824 555 907 Rubenio,
582 824 652 924 ejus
676 824 834 901 assertori
859 823 991 927 primo,
1009 824 1141 899 dicitur.
1171 822 1232 899 llle
1254 822 1315 897 lib.
1333 826 1383 911 V,

294 936 445 1041 Sylvqlt,
464 939 534 1014 haec
553 939 595 1012 ad
613 939 831 1041 Crispinum:

460 1071 505 1126 Sic
517 1082 560 1138 te,
573 1071 643 1125 clare
655 1091 737 1142 puer,
751 1073 874 1141 genitum
886 1069 935 1125 sibi
948 1076 1020 1124 curru
1031 1070 1131 1136 sensit,

464 1162 610 1233 Primaque
619 1168 730 1230 patrtte'a
740 1162 833 1217 clausit
844 1161 952 1231 vestigia
966 1163 1056 1214 Lura:

460 1252 527 1305 Mor
540 1254 637 1327 Tyrios
650 1273 681 1307 ex
693 1272 770 1307 more
781 1254 870 1319 sinus,
884 1253 1055 1321 tunicamque
1065 1260 1205 1320 potentem

457 1343 599 1413 Agnovere
613 1344 735 1408 humeth

293 1461 376 1547 nbi,
391 1478 488 1535 notat
500 1462 679 1537 Rubenius
693 1472 716 1549 ¹,
734 1496 751 1527 «
768 1490 840 1535 non
853 1461 994 1535 dubium
1005 1477 1071 1548 est,
1082 1487 1143 1562 per
1156 1458 1270 1565 Tyscos
1280 1457 1380 1545 scitus,

299 1612 316 1640 »
337 1594 530 1678 praetextam
546 1576 710 1679 puerilem
725 1607 733 1663 ;
752 1606 813 1679 per
829 1578 962 1650 turriam
974 1591 1152 1677 potentem,
1183 1574 1386 1649 laticlaviam

298 1724 316 1755 »
336 1689 512 1797 designari.
530 1723 547 1755 »
565 1691 758 1791 Crispinum
771 1707 882 1763 autern
896 1708 976 1763 tunc
990 1690 1150 1792 temporis
1163 1689 1313 1764 nondum
1327 1690 1385 1761 vi-

294 1807 387 1881 rilem
406 1826 518 1902 togam
535 1808 712 1897 sumsisse,
730 1807 811 1881 satis
824 1807 871 1882 ait
888 1836 926 1881 ex
943 1806 986 1883 iis
1003 1834 1075 1909 qua
1088 1826 1275 1909 sequnntur
1287 1836 1385 1882 com-

295 1940 428 2023 pertum
444 1953 452 1995 :

462 2045 519 2098 Nec
530 2044 624 2097 saltem
639 2045 737 2097 teneris
750 2054 854 2098 ostrum
867 2045 968 2115 puerile
979 2045 1081 2099 lacertis

461 2134 559 2201 Exuit,
573 2132 724 2204 albentique
736 2134 863 2190 humeros
874 2134 978 2190 induxit
990 2136 1097 2191 amictu.

295 2254 342 2325 At
357 2278 454 2339 vero,
469 2266 509 2323 ut
522 2248 647 2351 optime
660 2251 784 2347 regerit
795 2250 965 2325 Ferrarius
976 2261 1002 2339 ³,
1014 2270 1115 2353 poeta
1126 2269 1299 2353 postremo
1309 2252 1382 2327 boc

295 2365 370 2442 loco
380 2366 597 2468 conqueritur
608 2384 759 2468 ereptum
768 2366 847 2443 satis
856 2385 1045 2469 parentem,
1061 2397 1165 2469 quum
1171 2367 1280 2442 adbuc
1293 2398 1383 2469 puer

295 2503 383 2559 esset
407 2483 611 2586 Crispinus,
641 2501 674 2557 et
690 2501 930 2585 praetextatus:
958 2503 1058 2586 atque
1073 2484 1121 2560 ita
1138 2514 1209 2558 non
1226 2485 1382 2587 potuisse

295 2597 530 2673 interessefilii
549 2599 723 2689 tirocinio,
742 2617 776 2674 et
794 2618 880 2696 togae
895 2600 1001 2676 virilis
1018 2599 1232 2676 solemnitati.
1259 2601 1383 2675 Proxi-

294 2719 357 2792 mis
374 2717 462 2791 eninr
476 2717 647 2792 versiculis
666 2719 794 2793 Statius
809 2719 994 2794 cecinerat:

458 2865 515 2918 Nec
526 2871 626 2932 genetur
636 2867 708 2934 juxta
721 2885 727 2919 :
740 2866 801 2921 latis
813 2885 929 2936 namque
943 2865 1051 2920 haustus
1062 2866 1159 2936 iniquis

465 2957 583 3019 Occidit,
596 2957 661 3010 heu!
676 2959 810 3026 geminam
820 2959 922 3028 prolem
935 2957 984 3012 sub
995 2944 1104 3028 preside
1117 2957 1248 3028 linquens

462 3046 518 3103 Nec
529 3047 622 3101 saltem
633 3089 640 3114 ,
654 3058 704 3102 etc.

295 3167 375 3240 Hac
393 3164 497 3262 igitur
512 3166 648 3239 omnino
672 3165 920 3254 demonstrant,
941 3165 1135 3267 Crispinum
1157 3165 1224 3265 jam
1244 3163 1380 3243 virilem

295 3304 409 3382 togam
425 3283 590 3372 induisse:
607 3283 761 3385 idemque
778 3283 993 3375 confirmant,
1010 3313 1084 3386 quae
1102 3301 1309 3386 sequuntur:

464 3431 557 3504 Quem
570 3451 626 3486 non
639 3431 786 3502 corrumpit
793 3437 874 3500 pubes
883 3432 1006 3487 effrena?
1019 3452 1140 3504 noveque

462 3524 582 3579 Libertas
594 3534 734 3595 properata
744 3526 828 3592 roge?
843 3534 892 3578 etc.

245 3683 248 3688 ·
295 3641 389 3739 Quin
400 3641 468 3714 imo
485 3640 632 3726 Statius,
649 3669 732 3714 vers.
757 3667 819 3730 12,
839 3657 998 3730 testatur,
1017 3642 1211 3744 Crispinum
1226 3660 1306 3717 tunc
1326 3643 1379 3715 16

294 3757 399 3833 aetatis
416 3783 540 3830 annum
558 3756 685 3852 egisse:

460 3943 466 3956 .
479 3943 487 3956 .
500 3943 506 3955 .
524 3914 550 3957 et
563 3914 665 3957 octonos
679 3909 719 3957 bis
731 3905 785 3972 jam
798 3903 844 3959 tibi
856 3903 949 3959 circuit
959 3907 1033 3959 orbes

461 3995 532 4048 Vita.

330 4145 338 4174 ¹
358 4139 399 4192 De
414 4138 454 4191 Re
469 4135 571 4190 vestiar.
584 4136 628 4190 tib.
640 4137 667 4204 l,
680 4157 734 4206 cop.
750 4140 787 4204 1⁴.

328 4225 341 4256 ²
358 4221 476 4276 Analect.
487 4241 542 4290 cap.
556 4241 596 4274 ao.
