3017 5000
298 500 365 585 284
630 496 1035 567 nnnrocrrones

297 642 412 737 Quum
428 638 514 713 enim
528 637 642 739 pneris
660 636 765 731 (licet
781 665 798 709 a
817 635 942 712 fabulis
952 666 1027 711 cum
1042 633 1160 738 priscis
1175 633 1243 709 illis
1260 655 1375 712 aucto-

296 759 390 833 ribus
404 755 631 857 incipiendum
644 783 714 829 esse
728 754 910 849 sentiam),
923 752 1037 829 latinis
1052 752 1158 829 literis
1171 782 1307 857 operam
1320 755 1375 831 da·

297 875 399 962 turis,
413 872 447 945 in
459 874 534 972 ipso
541 870 655 945 limine
665 870 789 971 exponi
802 869 908 944 solite
921 871 1005 957 sint,
1017 868 1087 943 leve
1097 868 1254 969 quiddam
1266 898 1306 943 ac
1317 899 1375 944 uu·

298 990 464 1089 gatorinm
482 1018 552 1064 esse
565 988 667 1084 vulgo
682 986 922 1069 existimantur.
941 988 981 1060 ln
996 1014 1105 1059 errore
1115 985 1194 1059 buic
1206 986 1376 1061 simillimo
1465 1026 1466 1031 ¹

297 1111 319 1183 ii
337 1111 435 1183 etiam
454 1124 646 1194 versantur,
666 1105 725 1206 qui
745 1104 867 1204 AEsopi
884 1102 1032 1190 fabulas,
1049 1131 1135 1206 opus
1151 1128 1229 1177 sane
1240 1101 1377 1199 elegan-
1467 1179 1468 1215 ,

299 1224 483 1311 tissimum,
502 1222 647 1309 nullius,
666 1239 724 1297 aut
741 1221 833 1323 parvi
850 1219 1028 1293 admodum
1050 1219 1211 1293 momenti
1224 1246 1295 1293 esse
1312 1248 1376 1319 pn·

299 1358 390 1427 tent,
411 1339 502 1440 quod
519 1340 599 1413 item
620 1339 754 1439 pueris,
774 1337 831 1437 qui
852 1335 974 1410 Graecis
989 1334 1094 1411 literis
1108 1336 1260 1411 tradendi
1276 1356 1377 1424 sunt,
1469 1323 1471 1411 ζ

299 1455 526 1556 explanantur.
544 1456 638 1551 Quas
653 1470 762 1527 tamen
781 1480 800 1525 a
819 1451 956 1526 Platone
978 1469 1011 1526 et
1023 1452 1222 1540 Aristotele,
1243 1453 1380 1529 duobus

240 1652 244 1657 ,
300 1591 333 1649 et
344 1572 507 1675 loquendi
519 1590 551 1645 et
563 1570 729 1644 sentiendi
738 1568 906 1667 magistris
916 1568 1186 1671 preclarissimis,
1196 1571 1256 1671 qni
1266 1600 1380 1647 earum

303 1686 501 1762 testimoniis
516 1684 782 1788 frequentissime
794 1701 945 1773 utuntur,
959 1683 1094 1786 plurimi
1107 1684 1211 1759 lactas
1225 1714 1298 1761 esse
1310 1714 1381 1760 cer·

302 1822 371 1877 tum
390 1821 491 1905 atque
508 1802 719 1905 exploratum
736 1819 795 1875 est.
812 1856 863 1873 ...

358 2072 532 2162 euru.
565 2074 952 2162 Mourenonu
980 2034 1322 2159 uunrcar'ro

500 2266 566 2327 An
588 2266 862 2330 EPISTOLAS
882 2264 1182 2334 Ennomon,

709 2442 873 2481 crannum
884 2443 967 2493 rmo,

427 2554 725 2624 FRANCISCO
749 2558 781 2621 A
805 2555 1252 2626 CAMPOGIRALDO.

354 2724 519 2796 VETERES
533 2720 603 2810 illi,
622 2750 769 2823 quorum
785 2721 965 2797 auctoritas
982 2749 1057 2796 cum
1073 2721 1236 2822 sapientia
1253 2722 1383 2800 adhaec

305 2853 531 2937 nostrausque
541 2852 690 2938 tempora
702 2855 935 2938 provectaest,
949 2835 1125 2910 Francisce
1135 2833 1300 2911 nobilium
1311 2866 1384 2913 eru·

309 2953 489 3041 ditissime,
508 2981 577 3028 non
594 2954 706 3029 minus
724 2954 823 3028 docte
841 2981 940 3055 quam
958 2951 1126 3049 eleganter
1140 2969 1207 3027 tres
1225 2953 1384 3039 Gratias,

309 3095 390 3170 quas
407 3069 512 3143 Graeci
525 3069 649 3172 xdprac
663 3090 802 3160 vocant,
825 3071 870 3144 ita
884 3070 1128 3171 depingebant,
1142 3087 1181 3143 ut
1192 3098 1259 3144 uua
1271 3097 1385 3145 earum

307 3186 408 3260 veluti
426 3214 446 3260 a
462 3184 560 3262 nobis
576 3188 746 3290 profecta,
767 3217 910 3263 aversam
934 3187 1051 3262 faciem
1078 3204 1222 3276 teneret,
1249 3187 1387 3290 relique

305 3331 383 3390 vero
392 3304 465 3379 due
474 3333 536 3380 nos
546 3305 765 3408 adspicerent.
781 3309 862 3406 Quo
875 3305 1012 3410 quidem
1025 3305 1179 3407 exemplo
1193 3335 1384 3396 monemur,

308 3422 434 3524 accepti
452 3422 603 3496 beneficii
620 3453 792 3526 nunquam
808 3425 1098 3499 immemoresesse
1111 3420 1251 3496 debere:
1269 3451 1386 3498 rernm

308 3538 392 3613 illud
415 3539 528 3641 aliquo
552 3570 628 3617 curn
653 3543 776 3618 itenere
798 3541 990 3641 rependere.
1020 3543 1095 3635 Ego
1121 3539 1233 3642 itaque
1256 3541 1388 3642 priscos

311 3651 586 3748 aemulabundus‚
615 3685 719 3756 quum
741 3652 975 3731 attentiusenle
1007 3681 1136 3728 mecum
1154 3655 1387 3756 pensitam,

311 3787 472 3870 quantum
490 3771 526 3846 in
541 3801 593 3846 me
612 3790 669 3848 tua
686 3773 875 3870 benignitas
886 3772 1105 3862 contulisset,
1123 3803 1168 3848 nc
1180 3773 1215 3849 id
1227 3775 1262 3847 in
1273 3772 1389 3870 ingra-

313 3901 383 3956 tum
396 3885 575 3986 projecisse
591 3887 748 3974 videaris,
762 3888 883 3984 exigua
898 3889 1185 3990 compensatione,
1201 3906 1262 3964 aut
1273 3887 1390 3962 saltem

313 3999 425 4103 aliquo
450 4020 646 4098 argumento
664 4006 810 4078 animum
828 4022 1000 4092 nostrum,
1026 4004 1094 4077 tuis
1109 4002 1280 4078 beneficiis
1297 4031 1390 4105 paene

316 4118 473 4196 obrutum
491 4115 655 4194 tantillum
669 4119 775 4196 levare
789 4122 960 4196 constitui.
974 4122 1105 4196 Idcirco
1119 4149 1223 4223 quum
1235 4122 1392 4223 superio-

314 4230 408 4308 ribus
420 4233 452 4307 di
460 4233 544 4310 ebus
556 4264 573 4308 a
588 4233 837 4350 dialecticorum
851 4236 1026 4314 meandris
1038 4254 1182 4312 mentem
1193 4233 1391 4318 relaxarem.
