3017 5000
452 440 547 507 PER
572 442 605 509 J.
632 437 861 508 Mtssott.
1140 440 1202 507 135

129 584 200 657 llas
212 608 287 656 vero
299 579 448 655 Nasonis
461 579 597 654 domina
611 596 678 655 tam
693 578 782 663 bene
794 580 859 655 snb
873 578 933 653 illo
944 578 1101 657 Corinnae
1115 580 1201 657 falso

128 697 253 772 nomine
269 696 414 786 latebat,
428 694 572 785 utalia,
589 723 649 797 per
662 695 824 771 Ovidium
835 695 956 769 samam
972 704 981 735 ¹
999 706 1203 797 quarentes,

120 800 158 889 'id
173 844 294 891 nomeu
307 815 376 891 sibi
388 812 555 903 dedeina
572 816 688 888 Amor.
704 812 764 887 lib.
780 816 829 902 ll,
845 812 940 910 Eleg.
961 834 1119 906 xvl1‚vs.
1133 820 1201 896 28:

319 972 357 1029 Et
369 972 461 1029 multos
473 992 523 1044 per
534 992 578 1027 me
590 990 692 1027 nornen
704 973 803 1028 babere
815 974 925 1028 volunt:

287 1067 357 1123 Nori
368 1066 501 1159 stiqnam,
515 1084 573 1135 qun
585 1084 613 1120 se
626 1066 798 1121 circumferar
810 1084 866 1121 esre
878 1068 1025 1121 Commu.

129 1196 214 1293 Quin
232 1196 355 1281 immo,
373 1192 451 1267 licet
469 1192 614 1267 Ovidius
631 1220 671 1266 ex
687 1194 813 1267 Amore
828 1190 974 1267 sollicito
991 1191 1149 1289 fingeret,
1170 1224 1205 1271 se

129 1313 242 1400 vereri,
259 1339 303 1385 ne
322 1310 503 1384 Corinnam
525 1308 595 1383 suis
612 1308 818 1384 carminibus
844 1309 890 1383 ita
912 1326 1026 1384 notam
1048 1310 1204 1402 fecisset,

41 1500 42 1503 ,
130 1446 164 1503 ut
179 1428 244 1503 sibi
258 1424 378 1502 rivales
394 1424 518 1500 multos
535 1425 737 1528 paravisset,
756 1427 875 1501 Amor.
893 1426 953 1501 lib.
972 1430 1046 1518 Ill,
1063 1428 1117 1503 El.
1135 1449 1206 1520 ΧΠ,

41 1622 42 1629 ¹
129 1562 265 1619 attamen
283 1542 403 1639 viginti
415 1540 539 1615 abhinc
555 1541 652 1616 anuis
666 1570 772 1643 quum
786 1545 913 1617 Noster
928 1544 1045 1618 Artem
1066 1545 1207 1619 Amato-

40 1692 41 1697 ’
129 1659 201 1733 riam
216 1657 399 1753 scriberet,
424 1656 577 1733 nondum
605 1686 645 1732 ea
668 1686 745 1732 vero
770 1658 907 1731 nomine
935 1677 1015 1733 nota
1040 1658 1126 1750 fuit,
1144 1659 1203 1734 lib.

129 1780 191 1869 lll,
216 1805 303 1852 vers
327 1774 423 1849 538:

290 1924 326 1979 Er
338 1924 431 1992 multi,
444 1942 504 1995 qna
515 1924 548 1979 sit
560 1932 650 1979 nostra
666 1927 793 1989 ὠπὴν,
807 1935 914 1997 rogant.

39 2148 40 2165 χ
129 2050 214 2126 ldem
228 2069 301 2127 etv
317 2048 430 2125 seculo
440 2050 641 2145 rogantibus
654 2048 752 2153 plane
764 2051 830 2125 luit
840 2052 994 2148 ignorata
1007 2108 1017 2141 ,
1034 2071 1074 2127 ut
1085 2051 1208 2131 docent

38 2196 39 2211 ¹
130 2168 253 2241 Sidonii
271 2166 481 2271 Apollinaris
498 2166 641 2239 carmina
660 2173 697 2238 ⁸:
950 2174 954 2181 '

339 2322 374 2377 Et
387 2334 412 2377 te
426 2321 543 2375 carmina
556 2340 604 2391 per
615 2319 754 2374 libidinosa

341 2414 462 2479 Notum,
475 2416 562 2474 Naso,
578 2423 671 2479 tenet,
687 2412 841 2483 Tomosque
855 2412 981 2480 missurn,

340 2507 491 2578 Quondam
506 2509 626 2561 Cosam
638 2505 717 2560 nimis
723 2510 819 2574 puelle

342 2600 418 2654 Falso
429 2599 538 2654 nomine
549 2598 687 2653 subditum
702 2601 826 2654 Carinae.

128 2728 217 2803 Nibil
234 2727 325 2802 enim
339 2727 452 2802 minus
468 2724 675 2813 verosimile,
696 2753 796 2826 quam
814 2725 907 2827 qnod
923 2731 1131 2806 venerandus
1151 2731 1208 2810 ille

130 2847 277 2921 Antistes
300 2843 479 2941 significat,
496 2842 620 2919 Julian
637 2871 758 2945 nempe
777 2845 923 2941 Augusti
937 2843 1039 2920 filiam
1055 2848 1120 2922 sub
1140 2851 1208 2925 Co-

131 2964 230 3039 rinnae
253 2963 390 3038 nomine
407 2962 450 3035 ab
468 2960 594 3036 ovidio
611 2978 773 3048 amatam,
791 2989 930 3063 eamque
946 2963 1055 3038 exsilii
1075 2994 1209 3044 cansam

132 3099 233 3182 poetae
248 3081 363 3156 luisse.
381 3082 422 3153 ln
433 3079 558 3153 Julian
571 3095 658 3153 certe
673 3076 789 3152 cudere
801 3096 975 3178 nequeunt
984 3078 1124 3170 indicia,
1136 3113 1210 3184 quae

132 3198 218 3270 Naso
238 3196 282 3270 de
307 3195 378 3270 suis
399 3223 475 3268 cum
495 3194 642 3268 Corinna
664 3191 764 3267 refert
785 3192 967 3266 amoribus.
999 3195 1094 3269 Hane
1121 3198 1210 3273 enim

133 3315 251 3415 passim
262 3340 323 3386 ceu
335 3310 478 3415 puellam
490 3310 541 3386 sui
555 3309 657 3410 juris,
672 3337 733 3383 nec
744 3327 886 3410 nuptam
898 3310 1016 3411 pingit
1030 3311 1120 3386 Julia
1133 3344 1211 3390 vero

131 3431 248 3528 janah
269 3458 358 3505 anuo
378 3431 420 3502 U.
441 3429 478 3503 C.
503 3445 662 3502 Dccxm
687 3425 848 3502 Marcello
865 3447 1044 3530 nupserat,
1059 3451 1092 3505 et
1106 3462 1211 3535 quum

132 3547 158 3624 is
184 3549 249 3624 snb
275 3547 356 3620 anni
378 3547 421 3619 U.
452 3545 490 3618 C.
519 3561 678 3620 Docxxxt
705 3543 865 3633 obiisset,
890 3573 969 3620 mox
993 3575 1081 3620 anno
1104 3551 1147 3622 U.
1170 3553 1210 3626 C.

133 3685 318 3742 mcxxxnl
329 3665 465 3739 ineunte
477 3720 486 3752 ‚
498 3665 548 3738 Μ.
558 3662 718 3764 Agrippa
730 3681 875 3763 nuptum
888 3663 930 3738 ab
941 3668 1098 3762 Augusto
1117 3667 1211 3764 data,

132 3801 229 3886 atque
248 3781 475 3883 subsequente
491 3809 580 3854 auno
600 3779 716 3853 Caium
733 3780 865 3882 peperit
887 3779 911 3852 ³.
938 3781 1037 3855 Unde
1055 3783 1155 3858 simul
1172 3783 1213 3859 li-

165 3969 173 3998 ¹
191 3965 276 4035 Igitur
285 3963 411 4030 Poetice,
427 3982 478 4018 uec
490 3962 601 4016 omnino
610 3972 680 4016 recte
690 3963 841 4024 Mareotis,
858 3961 902 4016 lib.
915 3961 951 4028 V,
964 3963 1014 4034 Ep.
1030 3981 1066 4031 x,
1079 3985 1212 4035 querens,

134 4053 196 4102 uirr's
205 4048 355 4117 mdsm
363 4057 485 4117 regam,
505 4045 596 4102 scribit
609 4065 615 4100 ι
628 4047 711 4102 Norat
723 4049 853 4102 Nasonem
862 4047 917 4100 sola
933 4045 1053 4103 Corinna
1064 4067 1144 4104 mm.

166 4142 180 4174 ⁸
195 4140 286 4194 Car-m.
303 4139 335 4194 23
347 4159 362 4193 a
375 4159 443 4194 vers·
462 4143 517 4208 ¹⁵⁷·

120 4271 127 4296 ἱ
170 4228 181 4262 ³
197 4231 257 4288 Vid.
267 4230 364 4288 Dionis
376 4231 447 4288 llist.
459 4229 492 4285 ad
504 4249 549 4284 eos
560 4247 650 4285 annos.
