3017 5000
322 450 388 515 218
653 451 691 515 P.
725 447 914 517 ovlnll
940 442 1071 515 VITA

318 590 407 663 nerit
421 587 480 663 lih.
500 590 516 661 l
535 616 575 662 ex
592 588 725 679 Ponto,
742 616 842 691 qnem
860 616 959 689 supra
977 586 1121 659 vidimus
1136 584 1228 659 hand
1245 604 1323 659 ante
1340 587 1412 688 hy-

319 704 461 779 hemum
478 703 580 802 hujus
597 706 676 779 anni
690 723 822 807 tempus
838 705 965 779 editum
981 703 1084 777 fuisse
1100 730 1109 774 τ
1123 701 1203 775 hine
1217 704 1412 802 conjectare

320 822 419 912 lieet,
435 840 569 923 poetam
587 824 642 896 vix
659 843 735 899 ante
755 824 857 923 hujus
873 823 951 896 anni
967 821 1067 895 finem
1085 821 1126 894 de
1142 821 1271 894 Tiberii
1282 823 1415 896 [rinm-

320 942 390 1044 phn
409 941 592 1031 audivisse,
619 960 719 1043 atque
735 941 877 1043 proinde
895 941 984 1014 hunc
998 940 1051 1014 vix
1070 957 1147 1013 ante
1164 939 1315 1040 hyemem
1333 968 1414 1015 esse

322 1059 472 1133 ductum.
489 1061 563 1135 Nisi
581 1060 750 1149 dieamus,
768 1062 938 1134 Nasonem
951 1058 1031 1132 dnm
1044 1056 1214 1157 Epistolas
1227 1057 1289 1131 lib.
1302 1061 1321 1131 1
1332 1058 1413 1133 eol-

320 1176 455 1274 ligunt,
473 1175 619 1279 satisque
638 1175 680 1251 ad
697 1177 824 1276 justum
845 1173 1001 1250 volumen
1022 1172 1181 1262 heberet,
1199 1172 1414 1249 1111111111-

321 1309 478 1394 quentem
495 1290 617 1365 librum
634 1320 800 1379 servasse,
820 1292 945 1392 quihus
958 1290 1167 1392 triumphum
1181 1290 1354 1365 laudabat.

370 1410 432 1483 lv.
449 1410 499 1481 Ut
514 1425 553 1481 nt
569 1408 629 1493 sit,
649 1434 753 1509 quum
770 1407 857 1480 nihil
873 1408 956 1482 certi
968 1408 1035 1495 hnc⁴
1046 1405 1082 1481 in
1097 1436 1133 1482 re
1148 1406 1283 1482 definire
1298 1406 1415 1483 velen·

322 1552 416 1611 mus,
436 1524 517 1598 satis
532 1523 634 1598 suerit
655 1541 864 1611 summense,
885 1540 1021 1624 poetam
1038 1524 1190 1624 potuisse
1209 1523 1415 1600 citissimum

323 1640 386 1713 sub
400 1639 502 1739 hujus
512 1640 591 1713 anni
606 1640 730 1715 exilum
743 1668 926 1715 memorare
939 1638 1069 1714 Tiberii
1084 1640 1310 1742 triumphum,
1322 1668 1414 1741 pree·

323 1759 437 1835 sertim
453 1758 513 1832 lih.
528 1761 584 1847 ΙΙ,
603 1759 714 1861 Epist.
735 1778 761 1833 1.
781 1760 861 1833 Haec
877 1758 967 1833 enim
982 1757 1106 1859 scripta
1118 1760 1250 1833 videtur
1259 1759 1320 1833 nbi
1336 1759 1414 1860 pn·-

326 1903 416 1949 mum
434 1875 476 1948 de
493 1874 553 1949 illo
571 1877 730 1951 nuncium
747 1894 934 1978 acceperat,
953 1873 1118 1977 siquidem
1133 1901 1236 1979 quum
1249 1875 1296 1950 sie
1312 1902 1414 1948 exor-

326 2018 383 2063 sus
399 2007 487 2065 esset
503 2021 510 2063 :

493 2137 556 2192 Huc
568 2157 674 2207 quoqne
690 2142 802 2191 Cesum·
811 2140 931 2208 pervenit
943 2139 1015 2192 fama
1025 2143 1157 2207 triumphi.

525 2226 661 2299 Languida
673 2248 725 2298 quo
737 2228 799 2284 fessi
810 2230 851 2282 vix
863 2230 937 2284 venit
948 2246 1011 2285 aura
1025 2230 1102 2288 Noti:

325 2366 436 2455 addit,
455 2396 537 2441 vers.
563 2392 692 2467 19-22:

491 2518 602 2582 Gratia,
620 2521 717 2578 Fama,
731 2516 779 2570 tihi
789 2536 796 2569 z
807 2536 855 2586 per
867 2535 949 2586 quam
959 2527 1076 2586 spectat:
1085 2519 1206 2584 triumphi

526 2610 631 2664 Ineiuso
644 2609 737 2663 mediis
749 2620 789 2663 est
802 2608 867 2662 mihi
879 2627 977 2678 pompe
990 2606 1073 2663 Getis.

491 2698 582 2755 Indice
596 2711 621 2754 te
637 2699 731 2767 didici,
747 2716 844 2754 num
855 2698 963 2753 visenda
975 2701 1056 2754 coisse

527 2796 686 2849 Innumeras
699 2804 790 2862 gentes
803 2791 921 2845 adducis
935 2805 982 2845 ore
992 2791 1048 2859 sni,
1060 2801 1110 2846 ete

329 2951 389 2997 nee
415 2922 500 2998 male
524 2921 708 3024 hyemalem
732 2932 961 3022 tempestatem
985 2921 1179 3017 designant,
1199 2949 1274 3022 quae
1291 2937 1414 3023 postea

329 3039 433 3127 canit,
452 3066 538 3111 vers.
559 3033 630 3108 25:

495 3187 538 3239 Tu
551 3183 615 3238 mihi
625 3185 736 3238 narrasti
748 3223 756 3251 ,
770 3201 854 3253 quum
864 3169 952 3236 meltis
962 3185 1063 3236 lucibus
1073 3193 1134 3236 ante

529 3275 641 3332 Fuderit
651 3277 777 3329 adsiduas
789 3273 895 3328 nubilus
908 3274 1007 3328 Auster
1017 3289 1115 3343 aquas,
1174 3261 1177 3268 ¹

493 3370 608 3424 Lumine
620 3367 715 3424 caleni
728 3363 821 3422 Solem
832 3365 936 3420 fulsisse
947 3382 1093 3433 annum,

532 3463 603 3516 Cum
615 3459 705 3532 popuii
718 3458 794 3514 vultu
804 3458 982 3514 conveniente
993 3459 1046 3514 die.

331 3591 401 3689 Qui
418 3590 489 3664 dies
506 3613 628 3663 serenus
644 3587 707 3664 snb
725 3604 871 3661 estatem
889 3585 974 3660 nihil
991 3585 1068 3659 miri
1084 3582 1225 3659 tulisset.

380 3705 486 3804 Quod
503 3733 609 3808 pomo
626 3704 826 3804 subjungit:

498 3855 586 3925 Atque
600 3855 635 3909 ita
648 3860 783 3916 victamne,
799 3871 862 3908 cum
875 3871 973 3922 magno
984 3847 1054 3906 votis
1063 3849 1182 3916 honore,

532 3949 634 4002 Bellicae
646 3945 758 4001 laudatis
768 3949 837 3999 dou
849 3947 952 3999 dedisse
960 3941 1040 3998 viris:

332 4074 520 4150 illustratm
542 4103 582 4148 ex
611 4072 731 4149 Velleii
751 4071 883 4156 verbis,
903 4099 977 4174 qun
1000 4068 1062 4143 lib.
1090 4070 1146 4156 ll,
1165 4094 1239 4166 cap.
1272 4093 1360 4154 121,
1375 4091 1412 4138 ea

331 4195 585 4298 subsequuntur
607 4192 709 4268 modo
735 4191 858 4267 dehoc
877 4189 1050 4292 triumpho
1065 4187 1222 4291 prolata:
1245 4217 1263 4254 α
1280 4187 1411 4285 Quem,
