3017 5000
403 483 468 553 nr
494 482 868 554 rnmsarrouss.
1109 509 1175 580 ²97

110 625 275 702 mabsam
286 684 295 711 ,
308 622 684 722 acsemmteizfabulorum
694 626 979 700 breolucn'stectarn.
996 625 1081 722 Qua
1098 624 1179 698 deli-

110 745 197 830 nitio,
208 771 313 846 qnum
323 743 396 842 ejus
406 743 499 844 quod
508 741 665 816 definitur
674 760 823 817 naturam
832 760 1002 845 utcunque
1011 741 1177 844 explanet,

111 859 237 934 minime
254 858 386 933 videtur
401 858 635 959 adspernanda
650 888 658 932 :
677 859 806 934 tametsi
820 859 986 961 pleniores
1001 858 1058 933 illa
1078 877 1178 961 atque

111 969 343 1048 luculentiores
358 989 490 1045 exstent
504 999 606 1072 quum
620 970 761 1046 aliorum
776 973 1000 1063 definitiones,
1016 992 1085 1047 tum
1099 973 1178 1046 Pla-

113 1089 193 1162 touis
207 1088 382 1190 inprimis,
401 1115 484 1188 quas
497 1088 561 1162 buc
572 1087 760 1162 adscribere
769 1090 941 1190 praesentis
955 1089 1100 1182 instituti
1112 1118 1181 1163 non

113 1224 165 1282 est
177 1209 228 1280 Ac
240 1205 389 1306 poetices
401 1204 539 1279 notione
552 1204 786 1306 comprehendi
798 1233 1014 1308 quacumque
1026 1204 1184 1280 doctrine

113 1342 141 1399 et
150 1323 350 1400 eruditionis
360 1322 581 1424 adpellatione
589 1341 783 1413 censentur,
797 1323 861 1397 boc
872 1342 940 1414 cst,
952 1351 1082 1398 omnem
1096 1325 1185 1424 opti·

110 1467 234 1514 marum
251 1466 362 1512 rernm
378 1439 605 1535 coguitionem
626 1455 726 1539 atque
748 1439 994 1526 tractationem,
1012 1439 1105 1539 qnod
1121 1437 1186 1512 sci-

114 1555 184 1632 licet
201 1574 252 1632 est
270 1555 418 1631 studium
438 1557 630 1659 sapientie,
661 1556 786 1631 Graecis
810 1556 988 1646 φιλοσοφία,
1007 1556 1094 1631 inter
1112 1585 1187 1632 ern-

115 1671 198 1748 ditos
214 1689 370 1748 constare
380 1671 494 1760 video;
509 1671 596 1746 sicut
611 1699 718 1772 neque
732 1670 773 1744 de
783 1699 823 1744 eo
835 1670 1013 1772 disceptari
1024 1671 1187 1759 arbitror,

116 1791 200 1893 qnod
220 1791 340 1865 Cicero
358 1789 543 1864 adfinnavit
561 1789 651 1891 apud
680 1788 834 1875 Grecos,
861 1815 881 1861 a
904 1789 1030 1888 quibus
1055 1817 1186 1864 omnem

116 1907 466 1986 humanitatislaudem
474 1908 586 1983 Latini
597 1907 766 2008 adcepere,
776 1905 1188 2007 antiquissimnmedoctis

116 2053 181 2101 esse
197 2053 304 2124 genus
320 2043 513 2128 poetarnm;
535 2051 607 2125 qnae
623 2024 711 2098 enim
729 2023 946 2111 Aristoteles,
962 2020 1123 2119 singulari
1139 2023 1190 2097 vir

115 2141 264 2239 ingenio,
281 2161 382 2244 atque
401 2139 543 2215 scientia
560 2139 657 2241 copia
675 2137 879 2226 admirabili;
900 2167 973 2239 quae
986 2155 1063 2214 ante
1078 2139 1188 2239 ipsum
1223 2182 1225 2187 ·

116 2257 245 2334 divinus
260 2256 381 2344 Plato;
410 2283 483 2357 quae
496 2255 639 2356 denique
659 2273 805 2356 utroque
826 2253 1048 2354 antiquiores,
1068 2251 1191 2327 Thales

117 2373 252 2460 iouicae,
269 2391 305 2447 et
330 2371 539 2473 Pythagoras
562 2371 682 2446 italica
708 2369 930 2473 philosophie
956 2371 1134 2472 princeps,
1151 2369 1193 2443 de

118 2491 204 2580 Deo,
220 2490 263 2565 de
278 2490 463 2564 animarum
477 2488 742 2575 immortalitate,
761 2487 802 2563 de
819 2507 946 2564 nature
963 2487 1190 2571 obscuritate,

117 2604 153 2679 de
170 2606 239 2680 vita
254 2633 293 2679 ac
309 2604 461 2678 moribus
476 2603 724 2692 disseruerunt,
748 2601 920 2705 literisque
944 2602 1167 2704 prodiderunt
1183 2632 1191 2688 ;

118 2746 152 2792 ea
165 2746 237 2793 non
255 2718 407 2820 ipsorum
419 2719 522 2793 fuisse
533 2718 682 2806 inventa,
700 2716 759 2791 sed
772 2718 830 2819 qni
846 2717 977 2819 aliquot
996 2744 1055 2791 cos
1072 2714 1193 2791 seculis

117 2851 365 2911 antecesserunt
372 2852 562 2934 poetarum,
579 2834 725 2935 Orphei,
738 2836 857 2909 Musaei
868 2890 877 2923 ,
888 2834 967 2910 Lini
978 2892 987 2923 ,
1000 2852 1100 2936 atque
1111 2834 1194 2909 adeo

118 2949 254 3023 Homeri
267 2948 375 3049 ipsius
389 2948 554 3024 exstitisse
564 2949 740 3046 dogmata,
758 2949 896 3051 planum
907 2949 978 3025 lieri
990 2967 1114 3051 potest.
1125 2952 1195 3023 Ne—

119 3094 180 3165 que
203 3094 277 3141 non
297 3062 383 3138 illud
408 3065 620 3139 manifestum
634 3083 715 3154 est,
741 3069 906 3168 poeticam
932 3068 1155 3143 elocutionem
1176 3100 1194 3142 a

119 3212 269 3259 sermone
286 3182 449 3284 pedestri,
468 3182 527 3283 qui
548 3181 765 3285 pbilosophis
788 3204 841 3259 est
862 3185 1054 3276 familiaris,
1073 3187 1197 3262 discre-

119 3330 195 3405 pare
210 3301 427 3405 potissimum
442 3305 489 3393 eq?
501 3301 599 3388 elder,
619 3300 761 3375 iaciente
775 3300 863 3375 inter
875 3302 967 3376 bunc
979 3322 1011 3378 et
1022 3302 1115 3377 illam
1126 3304 1195 3380 dis·

120 3416 240 3491 crimen
252 3413 453 3491 elocutionis
463 3414 590 3504 forma,
603 3414 668 3489 boc
677 3432 746 3504 est,
759 3434 881 3505 metro,
896 3416 965 3492 sive
974 3446 1081 3508 versu,
1097 3446 1195 3520 quem

120 3530 370 3607 aconcinuitate
383 3546 518 3617 cantus,
534 3556 632 3629 quarn
646 3528 753 3605 Graeci
765 3528 904 3627 ἑρμαίαν
916 3532 1110 3622 nominant,
1126 3560 1195 3606 car-

119 3676 192 3721 men
217 3666 464 3750 nuncuparunt
492 3648 571 3720 Haec
596 3646 699 3743 igitur
724 3664 764 3720 ut
783 3646 836 3719 vel
850 3646 1007 3721 mediocri
1026 3647 1196 3722 literarum

118 3765 312 3861 cognitione
328 3762 468 3838 imbutis
484 3790 555 3836 non
574 3762 744 3858 incognita
759 3790 834 3836 esse
852 3762 1034 3838 existimo:
1055 3764 1103 3838 ita
1126 3792 1196 3839 non

119 3908 212 3983 aque
234 3877 412 3965 omnibns,
440 3904 515 3951 meo
542 3877 679 3979 quidem
692 3877 844 3978 judicio,
868 3880 1028 3981 expositae
1045 3898 1126 3953 sunt
1145 3908 1200 3953 ra-

120 3998 249 4085 tiones,
268 3994 393 4097 quibus
409 3994 561 4069 adductae
576 4012 723 4069 veterum
742 3996 930 4096 sapientum
953 3994 1107 4084 familie,
1133 3997 1199 4071 Dei

120 4110 241 4213 optimi
263 4108 396 4185 maximi
418 4138 455 4183 ac
472 4126 597 4184 naturae
614 4111 771 4211 mysteria
794 4109 982 4187 fabularum
1007 4112 1202 4187 commentis
1257 4141 1260 4145 ·

121 4225 402 4331 comprehendere
416 4244 517 4329 atque
533 4224 701 4303 occultare
716 4225 917 4305 studuerint.
944 4229 998 4303 De
1019 4228 1143 4330 quibus
1167 4232 1203 4305 in
