3017 5000
302 439 369 507 236
629 442 669 505 P.
703 440 884 506 OVIDII
916 438 1055 505 VITA

302 614 320 645 u
342 579 432 680 quit,
449 594 594 674 gesserat
607 578 818 653 consulatum
828 606 881 652 an.
893 580 936 650 U.
954 577 992 651 C.
1013 590 1173 662 neem,
1192 571 1386 673 Pomponio

303 732 321 761 »
344 694 599 769 Graeeiuolratri
610 694 759 769 semestri
769 692 1051 769 consulisullecto
1061 688 1383 773 suceessordatus3»

300 838 446 912 quorum
469 811 609 885 fratrum
632 811 845 907 magistratus
868 807 984 884 laudat
1004 808 1167 897 Ovidius,
1185 807 1247 881 lib.
1269 806 1322 880 IV
1342 804 1386 877 de

299 926 431 1010 Ponto,
451 922 548 1019 Eleg.
568 943 618 998 lx.

349 1039 453 1113 Aliud
478 1040 616 1139 insuper
638 1056 871 1135 argumentum
888 1066 927 1113 ex
948 1036 1178 1139 inscriptionis
1193 1035 1385 1131 fragmento

301 1174 513 1244 mutuamur,
533 1155 625 1257 quod
642 1155 732 1258 apud
745 1154 793 1228 ill.
812 1154 1025 1256 Ciampiuum
1041 1157 1159 1229 Romu
1173 1152 1388 1228 adservatum

300 1273 340 1348 cl.
354 1274 510 1350 Heurr'cus
521 1273 632 1375 Caper,
647 1271 746 1375 Sylva
755 1273 922 1348 Ducensis
933 1291 1076 1362 senator,
1084 1272 1127 1347 ad
1139 1269 1388 1374 amplissimum

305 1392 461 1492 Cunerum
491 1392 766 1465 Darentriensem
792 1389 981 1477 consulem,
999 1418 1037 1463 ac
1063 1389 1201 1463 summis
1224 1384 1389 1487 pluribus

300 1507 374 1581 aliis
399 1506 600 1582 muneribus
611 1524 677 1579 tam
694 1506 825 1603 egregie
842 1505 996 1579 functum
1011 1504 1118 1592 misit,
1138 1498 1294 1603 Epistola
1313 1504 1389 1577 Ro-

302 1652 361 1699 mee
376 1651 428 1697 au.
447 1624 487 1697 C.
507 1641 731 1697 uucnxxxxv
749 1621 844 1707 data,
863 1622 959 1726 cujus
974 1618 1209 1720 apographum
1224 1617 1388 1691 eruditis-

306 1740 411 1813 simus
425 1767 462 1812 ac
472 1738 690 1813 amicissimus
706 1737 756 1810 vir
771 1735 923 1809 Eduard.
945 1734 1126 1811 Holtlrerru
1139 1731 1387 1833 Ultrajectiuus

302 1882 432 1929 mecum
460 1852 736 1940 communicavit,
764 1868 797 1924 et
813 1849 906 1950 quod
929 1865 1046 1951 postea
1067 1850 1159 1951 apud
1179 1847 1222 1923 el.
1244 1846 1387 1921 Fabul-

301 1984 364 2042 tum
387 1978 394 2008 ¹
417 1970 581 2065 integrius
598 1968 748 2063 legimus.
766 1968 807 2041 ld
824 1968 873 2041 sic
889 1995 924 2079 se
941 1966 1066 2041 habet:

503 2140 627 2196 GELOS
647 2142 730 2196 DIVI
750 2140 920 2194 AVGVSTI
940 2140 969 2192 L.
988 2139 1038 2192 EX
1054 2137 1178 2191 DEC...

536 2242 635 2297 POST
653 2240 826 2295 MORTEM
844 2240 930 2293 FlLrl
947 2239 1010 2293 SVl
1028 2237 1145 2294 Nom.

645 2341 760 2397 FECIT
779 2342 829 2397 ET
848 2340 1032 2395 numu...

466 2444 532 2501 llll.
551 2443 679 2500 NONAS
698 2442 819 2497 malas
838 2443 872 2496 Τ.
890 2440 1068 2497 STATILIO
1086 2439 1221 2496 Tavrto

715 2545 746 2598 P.
765 2542 967 2597 Porum...

301 2673 377 2744 lam
393 2698 472 2744 veru
488 2671 619 2745 Sisenna
635 2671 778 2746 Statilius
796 2670 924 2744 Taurus
939 2698 1007 2744 rus.
1029 2670 1218 2745 ordinarius
1240 2699 1318 2745 eum
1347 2673 1384 2746 P.

303 2787 440 2874 Latona,
460 2817 512 2861 au.
530 2791 573 2862 U.
596 2787 634 2862 C.
651 2806 824 2877 uocum,
840 2787 959 2860 Tacito
980 2796 993 2824 ²
1015 2804 1049 2859 et
1066 2787 1170 2859 Dioni
1191 2785 1386 2875 'notatum

303 2902 461 3005 Fastique
477 2905 712 3001 suffragantur.
735 2906 844 3002 Igitur
860 2903 917 2978 ille
935 2903 994 3005 qui
1015 2904 1081 2978 hoc
1096 2902 1283 3000 fragmento
1308 2932 1388 2982 cum

302 3018 415 3093 Tauro
434 3019 604 3115 signatur,
622 3021 765 3122 quique,
780 3037 820 3093 ut
832 3019 913 3094 satis
926 3017 1012 3092 clare
1024 3034 1177 3119 apparet,
1195 3016 1304 3094 dietus
1321 3016 1388 3091 fuir

303 3134 541 3221 POMPONIUS,
560 3133 675 3208 eodem
693 3163 781 3208 anno
801 3134 963 3209 suffectus
981 3132 1101 3208 consul
1123 3149 1191 3219 est,
1214 3133 1250 3204 in
1272 3130 1388 3209 locum

304 3249 553 3336 lorteLr'bonr's;
570 3278 632 3326 nec
642 3249 727 3325 alius
737 3251 887 3338 videtur,
906 3279 1007 3353 quam
1018 3249 1207 3352 Porrpuuriu
1221 3248 1389 3325 Groecrirus

230 3460 232 3470 Α
306 3364 422 3438 Ovidii
444 3365 588 3454 amicus,
606 3393 644 3438 ac
662 3365 705 3439 L.
730 3363 899 3466 Pomponii
918 3365 1033 3439 Flacci
1052 3364 1161 3438 frater.
1191 3362 1387 3438 Dolendum

303 3494 372 3565 est,
400 3477 493 3579 quud
511 3478 622 3552 omnia
637 3477 707 3579 ejus
721 3479 857 3552 uomina
871 3476 937 3576 legi
952 3508 1021 3552 uon
1033 3477 1213 3583 potuerint.
1242 3477 1388 3551 Taurum

304 3623 407 3696 porro
426 3595 552 3672 ibidem
576 3617 796 3672 memoratum
819 3599 970 3672 eumdem
995 3625 1162 3672 esserum
1181 3597 1282 3695 hujus
1305 3595 1388 3684 anui

307 3713 465 3804 consule,
491 3715 586 3792 facile
617 3717 789 3814 colligitur
814 3745 853 3792 ex
880 3715 946 3790 alio
971 3715 1082 3819 lupide
1106 3717 1261 3812 integro,
1282 3743 1388 3816 penes

307 3832 458 3908 eumdem
476 3833 525 3908 ill.
547 3834 762 3938 Criuuprirum,
790 3865 888 3938 quern
914 3835 985 3936 ipse
1006 3834 1047 3910 cl.
1078 3837 1190 3936 Copes
1211 3835 1310 3922 etiam
1327 3833 1388 3909 de·

339 4010 346 4040 ¹
363 4005 440 4080 synt,
452 4006 535 4060 luscr.
545 4026 603 4077 pag.
616 4027 660 4075 7⁰¹
673 4048 680 4074 ‚
694 4029 720 4063 n.
734 4011 788 4075 224.

337 4100 350 4130 ²
369 4097 465 4152 Anuat.
480 4097 522 4150 lib.
535 4099 563 4152 ll
574 4139 582 4167 ‚
594 4119 649 4168 cap.
663 4119 683 4152 r.

339 4188 350 4222 ³
366 4190 424 4244 Lib.
437 4189 532 4257 LVII,
547 4209 603 4260 pag.
614 4191 671 4244 612.
