3017 5000
386 449 454 514 ET
479 445 865 514 PRAEFATIONES.
1100 451 1162 517 'Sar

43 665 44 668 ,
109 589 196 663 dicati
205 588 413 689 sint(qnnm
425 605 571 677 constet
587 587 877 676 testeMacrobio,
893 587 1168 694 lastosdiespro·

43 703 250 803 lestis,⁰
223 741 291 788 slve
308 713 493 810 negotiosis
507 714 630 801 inesse,
649 741 707 813 qm
697 713 813 787 lestis
826 741 864 788 ac
880 716 981 793 saeris
994 715 1170 797 adversan-

43 843 195 942 tar)
215 842 367 943 sedquia
382 838 701 941 ejusmodiannalss
703 855 835 942 ‚quum
852 841 1041 918 dieslastos
1058 845 1170 920 nesus·

43 975 44 1068 j
110 986 214 1069 touque
236 968 448 1055 contineunt,
468 965 579 1040 decuit
601 965 759 1040 aciebus
778 966 1029 1042 candidioribus
1046 995 1083 1043 ae
1100 997 1169 1070 me·

43 1069 44 1102 ³
110 1089 237 1166 boribus
259 1089 437 1164 nominari
461 1090 580 1164 Fastos
606 1105 720 1170 autem
746 1088 819 1164 dies
850 1089 988 1164 nefastis
1014 1109 1171 1192 praestare

43 1257 44 1290 ς
110 1214 219 1288 nemim
208 1211 377 1287 dubium
395 1229 465 1300 est3
483 1211 572 1286 uode
589 1241 608 1286 a
624 1214 724 1288 Festo
740 1212 903 1314 Pompeio
921 1211 1000 1286 festi
1013 1213 1172 1289 dicuntur

43 1319 44 1346 ³
110 1338 298 1414 nefastorum
315 1335 582 1438 comparatione:
601 1335 696 1410 lastis
711 1335 799 1410 enim
817 1335 957 1425 diebus,
976 1337 1095 1410 eodem
1112 1367 1174 1413 au-

110 1479 204 1550 unre,
220 1460 367 1562 jusunda
382 1461 445 1534 lari
461 1458 582 1535 licebat
596 1489 605 1548 3
629 1459 767 1535 nefastis
782 1460 931 1562 qnaedam
949 1491 1019 1537 non
1038 1459 1171 1536 licebat.

111 1586 208 1683 Quam
225 1586 273 1660 ob
289 1613 420 1660 eausam
438 1584 607 1660 Eusebius
623 1611 683 1660 eos
706 1584 817 1660 tristes
833 1583 999 1686 adpellare
1020 1615 1088 1660 non
1108 1587 1172 1661 du-

111 1710 201 1798 bitat,
216 1711 241 1784 ii
255 1711 344 1786 enim
359 1709 445 1797 dies,
462 1709 612 1812 quamvis
624 1711 761 1812 proprie
773 1711 837 1784 atri
852 1739 924 1784 non
936 1711 1019 1799 sint,
1033 1730 1074 1786 nt
1085 1731 1173 1786 rests

114 1833 208 1908 bnlns
227 1833 357 1910 Gellius
383 1832 502 1922 docet,
531 1861 594 1936 pro
616 1832 848 1908 abominandis
874 1851 984 1908 manen
1007 1835 1177 1908 interdum

114 1957 326 2058 accipiuntur,
355 1973 439 2034 teste
459 1955 700 2058 Porphyrium.
725 1957 845 2030 Horat.
869 1955 935 2029 Ille
959 1969 991 2029 et
1013 1956 1128 2057 nefmto
1146 1972 1177 2030 te

43 2149 44 2170 2
111 2079 201 2176 prsu't
212 2079 271 2152 dr'e.
290 2077 435 2167 Statius,
455 2078 491 2152 in
504 2077 612 2152 Tbeb.
631 2076 654 2149 6
673 2107 681 2150 :
700 2077 872 2178 Prospectu
884 2079 972 2151 vr'sru
985 2079 1177 2153 interclusere

114 2203 225 2300 ap‘nsto.
240 2202 328 2276 Sane
343 2201 520 2276 Fastorum
529 2201 753 2275 inventionem
768 2199 923 2274 nonnulli
936 2200 1079 2279 Eudoxo
1094 2203 1179 2274 Gni-

43 2337 44 2394 3
115 2323 164 2398 dio
177 2323 350 2420 astrologo
368 2325 538 2412 tribuunt,
557 2324 704 2398 Socratis
721 2309 885 2411 auditori,
904 2323 1078 2426 sodalique
1101 2323 1176 2399 Pla·

115 2447 209 2536 tonis;
227 2447 322 2550 quod
334 2473 493 2523 verumne
506 2447 567 2536 sit,
583 2442 724 2522 aliorum
737 2447 782 2521 sit
791 2446 963 2546 judicium.
976 2450 1077 2522 llune
1089 2467 1180 2524 certe

114 2571 234 2648 Servius
242 2571 362 2649 scribit
371 2572 518 2673 primum
532 2596 655 2648 annum
664 2570 919 2670 deprehendisse
935 2601 944 2644 τ
958 2600 1057 2673 quem
1070 2590 1179 2646 tamen

115 2694 326 2773 dubitandum
340 2722 411 2769 uon
424 2712 489 2782 est,
502 2722 577 2768 eum
587 2694 739 2770 hausisse
747 2694 791 2768 ab
801 2694 969 2796 AEgyptiis
979 2696 1176 2798 disciplinis.

116 2820 309 2923 Sniptorem
326 2837 435 2896 autem
456 2821 631 2894 Fastorum
651 2816 754 2893 fnisse
773 2822 928 2893 Lucanus
944 2833 1104 2909 testatum
1122 2840 1179 2914 nt,

116 2946 178 3019 Nec
192 2974 277 3019 ruens
289 2943 426 3018 Eudoxi
438 2942 718 3043 aiacetursasiibns
728 2957 837 3016 benus.
858 2944 946 3017 Eum
961 2948 1113 3021 Laertius
1129 2976 1181 3021 re-

116 3067 172 3143 lert
186 3070 220 3144 in
239 3070 388 3171 AEgypto
400 3095 523 3141 annum
533 3096 634 3141 unum
645 3084 682 3139 et
696 3094 825 3141 {nenses
839 3086 985 3169 quatuor
997 3090 1179 3160 moratum,

118 3212 220 3269 mento
238 3210 373 3267 attonso
394 3210 495 3293 atque
520 3190 715 3292 supercilio,
735 3208 813 3265 osto
828 3220 991 3265 annorum
1007 3174 1182 3271 historiam

118 3317 280 3418 scripsisse
295 3346 304 3391 ι
320 3315 397 3417 qui,
411 3334 450 3389 ut
460 3312 569 3389 Aulus
583 3312 713 3396 Gellius
724 3315 890 3405 meminit,
902 3344 974 3391 non
981 3316 1090 3391 multo
1104 3338 1183 3420 post

118 3441 252 3515 Romam
276 3468 296 3512 a
323 3438 428 3513 Gallis
453 3454 601 3539 captam,
620 3438 861 3539 obsessumque
889 3439 1117 3540 Capitolium,
1145 3444 1182 3517 in

118 3562 235 3641 Gracia
244 3562 443 3653 nubilitatus
455 3579 514 3637 est.
526 3560 616 3637 lllud
627 3560 764 3663 planum
773 3582 834 3650 est,
843 3563 963 3663 priscis
972 3566 1181 3665 temporibus

116 3688 152 3762 ad
168 3688 301 3765 Curiam
318 3684 511 3773 Calabram,
527 3684 588 3763 nbi
604 3702 733 3765 tantun
749 3714 920 3764 merorum
938 3690 1025 3783 ratio
1041 3690 1180 3784 gereba-

116 3828 174 3902 tur,
188 3832 339 3889 nuatum
349 3812 459 3890 vorari
468 3808 629 3897 solitum,
643 3828 676 3885 et
683 3808 849 3913 populum
857 3840 961 3907 anege
971 3813 1178 3889 Surribeolu:

117 3954 150 4011 nt
166 3938 349 4039 (qnoniam
365 3936 474 4014 adhuc
488 3933 565 4013 fasti
579 3962 651 4011 non
666 3937 784 4034 eraut)
798 3936 1035 4030 sacrificiorum
1048 3968 1181 4039 pruno

117 4082 239 4136 suerent
252 4062 339 4151 dies,
353 4091 391 4135 ae
400 4060 566 4135 ludorum.
581 4060 714 4135 Primus
725 4078 835 4135 autem
850 4063 968 4139 Fastos
981 4070 1017 4138 in
1027 4063 1180 4137 volumen

119 4184 263 4262 redactos
278 4184 461 4288 publicavit
473 4187 535 4261 Cn.
550 4182 702 4273 Flavius,
716 4184 820 4285 Appii
834 4185 920 4259 Caci
932 4187 1055 4274 scriba,
1069 4187 1180 4261 inritis

187 4318 222 4385 V
220 4318 299 4385 111.
964 4342 1004 4382 21
