3017 5000
313 554 321 565 ⁸
400 478 496 545 eun
522 478 554 543 r.
581 474 816 546 Messon,

252 645 333 698 Anno
347 642 379 697 C.
395 659 465 708 11113
481 644 517 698 U.
531 640 711 725 C.nccuxt·1;
729 641 821 695 Ovidii
834 658 867 694 nv
879 652 906 695 et
921 658 975 695 err.

173 784 201 839 C.
216 784 317 841 SILIO
336 782 507 846 CAEOENA,
528 784 558 836 L.
577 784 763 839 MUNATIO
781 782 935 844 PLANCO
954 783 1057 840 COSS.

47 952 49 1033 g
143 929 166 1000 1.
190 930 342 1002 ETIAMSI
368 956 468 1029 supra
493 928 777 1016 concesserimus,
806 926 952 1029 aliquam
978 956 1018 1001 ex
1041 928 1153 1003 Ponto

47 1112 48 1115 ,
103 1042 161 1118 libri
176 1047 205 1118 ll
221 1062 349 1146 partem
365 1044 407 1119 ad
424 1044 664 1147 praecedentem
680 1074 805 1119 annum
819 1044 945 1141 alligari
959 1074 1076 1146 posse3
1099 1048 1154 1119 ni-

47 1148 49 1213 ἷ
103 1158 155 1235 hilo
165 1179 268 1236 tamen
279 1162 389 1236 minus
402 1160 503 1236 nobis
517 1162 654 1235 omuino
669 1160 819 1247 videtur,
833 1160 944 1262 ipsum
957 1161 1078 1237 librum
1086 1162 1155 1261 jam

47 1280 48 1347 J
104 1276 248 1353 collectum
272 1279 408 1354 nonnisi
434 1279 538 1353 hocce
564 1308 653 1353 anno
680 1278 785 1353 fuisse
800 1280 928 1353 editum
947 1280 1155 1381 Romamque

47 1386 48 1399 ¹
102 1390 231 1482 nissum3
258 1393 349 1497 quod
368 1393 483 1493 pn'on's
502 1393 600 1467 etiam
628 1422 705 1495 pars
731 1392 843 1494 aliqua
865 1392 929 1467 sub
957 1390 1048 1467 itlius
1077 1394 1155 1467 anni

47 1550 48 1581 r
102 1508 223 1581 exeuntis
239 1507 373 1611 lycium
390 1527 521 1582 exarata
536 1506 655 1594 suerit,
676 1525 779 1607 prout
792 1509 859 1607 jam
875 1525 952 1581 ante
972 1508 1126 1582 vidimus.

137 1626 173 1698 ll.
186 1626 301 1727 Neque
315 1624 458 1699 adalind
473 1644 605 1727 tempus
616 1624 808 1700 referendus
821 1644 872 1700 est
886 1627 990 1701 temus
999 1656 1042 1701 rx
1053 1627 1157 1701 Ponto

47 1752 48 1779 ³
103 1738 168 1827 tter,
184 1772 249 1844 quo
262 1743 362 1817 etiam
378 1742 505 1844 pluries
518 1742 714 1844 predictum
728 1740 857 1816 Tiberii
870 1742 1076 1845 triumphum
1090 1774 1159 1819 me-

47 1948 48 1961 *
103 1877 204 1947 norat,
219 1861 328 1961 Epist.
343 1878 377 1947 1,
397 1878 440 1933 111
455 1877 489 1933 et
504 1877 557 1932 lv.
573 1860 645 1932 Hac
659 1889 736 1934 vero
748 1878 860 1951 notat,
875 1890 911 1936 se
923 1889 1004 1935 nuno
1017 1861 1158 1948 circiter,

47 1968 48 1975 ἵ
102 1992 260 2078 postquam
277 1977 397 2052 ductus
415 1975 472 2049 ille
486 1974 610 2065 suerat,
628 1977 783 2051 scribere.
801 1978 936 2051 Etenim
946 2006 1023 2078 opus
1035 1978 1161 2051 Rufino

47 2150 48 2171 1
103 2091 237 2183 mittens,
256 2092 349 2197 quod
364 2091 404 2165 de
421 2092 538 2167 eodem
552 2091 708 2194 triumpho
724 2094 929 2169 carminibus
945 2094 1160 2180 condiderat,

103 2207 192 2299 (vers.
213 2204 295 2295 3-6,
316 2207 407 2305 etc.)
425 2206 489 2296 ait,
509 2208 572 2307 Ep.
590 2226 649 2295 w,
665 2236 747 2282 vers.
769 2206 905 2281 53-60:

248 2353 353 2409 Cetera
364 2354 485 2409 certatim
497 2353 531 2407 de
545 2373 643 2425 magno
657 2353 752 2425 scripta
765 2355 881 2425 trimpho

281 2448 449 2515 Iampridem
460 2445 549 2516 populi
563 2445 682 2516 suspicor
695 2466 740 2502 ore
754 2446 822 2518 legi,
835 2457 883 2502 etc.

250 2539 312 2594 Non
325 2557 374 2609 ego
385 2539 498 2605 cessavi,
513 2557 564 2592 uec
575 2537 637 2592 fecit
649 2539 745 2593 inertia
757 2560 854 2593 serum:

280 2629 384 2684 Ultima
396 2649 439 2684 rue
451 2631 516 2684 vasti
532 2631 643 2684 sustinet
656 2650 702 2684 ora
716 2631 787 2684 freti.

251 2721 325 2776 Dum
341 2723 414 2777 veuit
428 2722 479 2776 huc
489 2741 600 2790 rumor,
613 2735 805 2794 properataque
817 2723 935 2778 (munina
948 2723 1031 2792 frunt,

239 2873 240 2876 Ἴ
285 2815 418 2884 Factaque
433 2825 499 2868 eunt
514 2813 547 2867 ad
560 2833 621 2882 vos,
634 2818 736 2870 aunu‘
749 2819 835 2869 ablsse
846 2826 940 2886 potest.

47 2907 48 2912 ἵ
104 2928 215 3030 Hyeme
233 2950 342 3006 autem
359 2960 395 3006 ea
413 2959 448 3005 se
464 2959 578 3005 canere
596 2931 725 3020 innuit,
744 2960 829 3007 vers.
848 2931 894 3006 33
913 2949 947 3007 et
961 2931 1029 3024 34:

255 3065 369 3119 Pectora
378 3065 432 3118 siut
442 3064 519 3118 nobis
530 3068 629 3118 nortus
638 3069 774 3136 glacr'eque
787 3066 892 3132 licebit,

287 3157 376 3225 Atque
388 3154 439 3210 hoc
449 3196 457 3222 ,
469 3175 550 3247 quern
563 3156 664 3226 patior,
668 3155 809 3225 frigidiora
821 3156 894 3223 loco,
907 3167 956 3210 eto

106 3269 183 3346 ltlud
195 3292 303 3349 autem
319 3305 396 3376 opus
410 3275 451 3349 de
463 3274 591 3349 Tiberii
607 3274 796 3375 triumpho,
813 3273 904 3375 quod
919 3275 982 3348 hoc
995 3304 1083 3348 anno
1098 3277 1168 3347 Ro-

105 3417 182 3465 maur
193 3394 298 3482 misit,
313 3394 379 3493 jam
390 3395 514 3468 Noster
528 3392 665 3467 molitus
678 3410 768 3480 erat,
787 3421 890 3493 quum
905 3390 964 3465 lib.
981 3396 1033 3479 H,
1048 3396 1112 3495 Ep.
1125 3412 1150 3462 v
1159 3448 1169 3483 ,

105 3507 272 3600 scriberet,
290 3538 329 3584 ex
346 3538 431 3586 vers.
452 3507 563 3610 27-35
581 3540 589 3581 :

260 3660 345 3728 Nuper
356 3667 386 3712 ut
398 3656 451 3711 huc
464 3655 554 3727 magni
568 3655 689 3727 pervenit
702 3654 773 3708 sarna
783 3657 918 3721 triumphi,

291 3751 379 3804 Ausus
390 3767 449 3803 sum
463 3758 543 3802 rante
553 3766 658 3802 sumere
674 3747 750 3800 molis
762 3764 841 3815 opus,
853 3757 901 3799 etr.

263 3841 344 3912 Quod
357 3841 378 3894 si
389 3840 458 3894 forte
472 3843 539 3893 liber
548 3849 646 3893 vestros
652 3845 766 3906 pervenit
776 3837 808 3890 ad
820 3857 896 3890 aures

293 3933 419 3988 Tuteiaru
431 3931 531 3986 maudo
541 3931 637 3984 sentiat
647 3931 689 3984 itte
703 3941 784 3984 tuarn.

135 4075 143 4104 ¹
162 4071 264 4130 Confer
273 4097 303 4130 ex
318 4077 397 4130 Pout
414 4074 457 4128 tib.
481 4075 529 4140 w,
545 4073 626 4143 Epist.
639 4088 684 4139 xr,
698 4091 765 4126 vers.
781 4074 811 4125 15
823 4082 851 4126 et
866 4072 915 4126 16:
930 4094 942 4119 α
955 4072 1029 4126 Dum
1048 4082 1092 4127 tua
1110 4039 1172 4144 per-

47 4213 49 4230 .
110 4156 270 4226 sommium
290 4161 365 4214 iitora
385 4169 476 4214 nostra
487 4176 628 4213 recurrens
639 4156 694 4209 Tot
704 4156 788 4210 maria
799 4175 830 4210 uc
841 4167 924 4211 terras
936 4165 1071 4226 permeat,
1091 4175 1175 4209 annus

107 4247 164 4296 etit.
177 4267 190 4288 ι
