3017 5000
270 439 336 522 548
629 441 996 515 DISSERTATIO

266 602 357 643 sarem
374 579 465 643 habet.
483 583 526 643 At
540 585 586 646 hae
602 585 800 664 discrepantias
816 588 958 670 variasque
973 587 1102 650 virorum
1117 589 1272 652 doctorum
1287 615 1343 656 ex-

264 687 434 766 plicationes
450 689 501 751 hac
515 689 549 752 de
563 713 635 753 voce
650 693 722 753 uihil
736 694 772 753 ad
783 717 844 756 rem
855 706 982 756 nostram
997 694 1114 756 faciunt·
1130 696 1244 758 Addam
1254 703 1341 762 modo

263 815 310 856 ess
325 797 501 879 conjecturis
516 811 626 860 tantum
640 799 784 875 suffultas,
801 822 833 862 sc
844 825 878 864 ex
886 823 958 865 voce
973 803 1005 862 iu
1017 802 1109 885 lapide
1121 803 1196 865 haud
1211 806 1340 892 integra,

262 902 387 986 ideoque
401 927 455 983 pro
465 904 584 966 arbitrio
601 897 744 990 suppleta,
762 921 839 968 natas
855 929 932 980 esse3
950 920 1036 990 atque
1049 909 1150 972 melius
1165 912 1341 988 convenire,

262 1011 288 1071 si
302 1012 430 1094 legamus
448 1011 663 1087 Cusauznsis,
680 1027 713 1075 ut
732 1015 828 1076 Venti
842 1015 978 1076 Pollionis
994 1017 1114 1077 Peme.
1130 1017 1183 1079 luc
1198 1041 1272 1082 voce
1293 1021 1341 1080 in-

263 1116 426 1203 digitetur,
447 1120 566 1182 maxime
582 1143 670 1202 quum
686 1121 718 1180 in
738 1121 873 1182 Nnmmis
893 1120 1103 1182 Goesarensium
1124 1125 1339 1204 quamplurimis

262 1225 392 1312 signetur
403 1227 523 1305 ipsemet
536 1227 652 1288 Veidius
670 1227 772 1289 Pollio.

304 1334 358 1393 IX.
374 1331 458 1394 Alius
476 1345 519 1395 est
538 1332 607 1416 lapis
622 1335 680 1395 hoc
701 1333 769 1395 loco
788 1334 904 1396 minime
926 1336 1165 1414 praetereuudus,
1183 1338 1234 1419 qui
1249 1362 1338 1420 quum

261 1435 358 1522 plures
372 1439 517 1522 ejusdem,
536 1439 636 1499 sinon
652 1439 723 1514 viri,
739 1440 837 1502 saltem
853 1440 958 1503 Gentis
972 1441 1100 1502 Libertas
1116 1457 1272 1519 memoret,
1284 1467 1337 1508 rc·

260 1569 325 1608 rum
336 1545 457 1628 proinde
470 1547 530 1629 ejus
541 1567 710 1624 praenomen
720 1558 749 1608 et
758 1565 887 1622 nomen,
898 1570 953 1626 pro
964 1549 1094 1609 Romana
1106 1551 1335 1625 consuetudine,

259 1675 314 1714 nos
330 1651 434 1725 docet,
451 1671 613 1733 quanquam
627 1651 765 1712 Pollionis
777 1672 945 1734 cognomen
955 1653 1052 1715 adesse
1066 1654 1176 1736 nequit.
1188 1655 1338 1717 Mutuum

261 1758 399 1840 quidem,
423 1777 457 1817 ex
479 1759 559 1840 cujus
572 1758 775 1838 orthographia
793 1757 932 1818 Gmtents
950 1771 958 1796 ¹
975 1759 1193 1837 inscriptionem
1209 1761 1336 1838 prosert,

258 1865 374 1938 locum,
390 1862 440 1924 uhi
455 1862 596 1924 exstiterit
613 1863 760 1938 Marmor,
784 1863 910 1926 indicare
932 1865 1077 1948 neglexit3
1102 1865 1153 1928 sed
1169 1866 1205 1926 sd
1216 1867 1335 1928 eandem

260 1962 413 2026 Coloniam
431 1963 658 2022 Beneventanum
676 1960 871 2039 pertinuisse,
889 1962 1009 2022 omnino
1028 1959 1150 2024 videtur.
1170 1963 1220 2024 Sic
1234 1985 1336 2046 nempe

259 2091 290 2132 se
306 2069 408 2132 habet:
425 2071 460 2130 Ρ.
474 2072 616 2131 anrvs
628 2069 662 2129 Ρ.
679 2069 714 2127 L.
730 2071 919 2130 Pnuocnus
938 2069 1120 2131 Avcvsrrr.
1135 2073 1334 2133 Bsnrvmr.

259 2191 450 2238 nummos.
470 2177 509 2236 D.
526 2177 608 2236 Hoc.
633 2191 870 2237 uouvusnuvrr
888 2216 1100 2237 ...........
1121 2192 1243 2239 csvssa.
1266 2195 1333 2240 smr.

259 2301 309 2348 nr.
319 2302 398 2348 svrs.
415 2297 612 2346 rscrvunvu.
627 2299 697 2344 cvr.
707 2285 741 2343 P.
751 2284 882 2345 Vernro.
896 2285 928 2344 Ρ.
944 2287 978 2345 Ι..
991 2286 1193 2346 Pnrnonsuo.
1209 2301 1333 2348 resurr.

258 2409 309 2454 nn.
329 2407 446 2453 vtum.
471 2391 721 2454 rrruu.onr1.
746 2405 797 2451 nr.
818 2393 851 2451 P.
869 2392 999 2452 Vsmro.
1022 2391 1055 2450 Ρ.
1081 2393 1117 2451 Ι..
1139 2393 1334 2467 Pnruoruro.

258 2508 382 2554 resurr.
405 2507 455 2553 nn.
477 2491 612 2553 Verum.
630 2490 664 2551 P.
688 2491 857 2552 1..rnm1.
882 2491 930 2550 En
951 2503 1052 2573 quater
1074 2489 1176 2551 eodem
1196 2490 1286 2553 modo
1305 2490 1334 2552 id

261 2620 369 2661 nomen
383 2599 521 2659 Vutntvs
542 2597 685 2659 scribitur.
709 2598 774 2659 Nec
789 2597 870 2659 aliter
886 2598 957 2657 milri
977 2598 1105 2658 occurrit
1127 2597 1289 2659 Terracina
1303 2599 1334 2658 in

258 2706 355 2769 medio
372 2705 488 2767 circiter
497 2725 582 2765 muro
597 2704 632 2765 ad
645 2706 762 2765 Portam
772 2706 946 2775 Romanam
960 2704 1009 2764 ubi
1025 2704 1175 2786 perspicue
1188 2703 1247 2790 legi
1256 2706 1335 2765 Vst-

258 2814 388 2889 111st.
410 2814 444 2871 lt.
464 2811 582 2885 Vltttvs
604 2811 644 2885 Q.
660 2812 693 2871 F.
712 2808 838 2901 quamvis
863 2822 964 2871 cetera
984 2822 1096 2893 tegeret
1111 2808 1196 2872 arbor
1212 2810 1283 2873 fiens
1301 2832 1333 2871 ex

259 2943 343 2983 muro
353 2941 490 3003 surgens,
503 2942 567 3001 quae
583 2918 655 2979 tanti
666 2939 727 2978 non
743 2916 934 2991 videbantur,
950 2930 984 2979 ut
999 2918 1164 3002 longiorem
1174 2917 1214 2977 ibi
1226 2941 1333 2981 morant

257 3028 397 3101 lacerem,
413 3025 571 3107 scalamque
587 3024 765 3096 adhiberem
781 3024 848 3085 satis
861 3022 984 3099 habens,
1004 3046 1097 3088 veram
1112 3024 1214 3087 exinde
1228 3025 1331 3103 prioris

258 3135 385 3196 nominis
401 3132 569 3212 scripturam
584 3132 758 3193 observasse.

300 3244 339 3301 X.
362 3243 471 3304 Nostra
496 3241 608 3323 pariter,
624 3260 719 3299 caussa
740 3235 815 3299 baud
841 3259 939 3320 parum
967 3236 1152 3299 confirmatur
1170 3260 1331 3301 marmoreo

259 3350 370 3431 Ephesi
383 3359 580 3408 monumento.
597 3358 609 3384 ¹
629 3358 662 3407 n.
678 3342 827 3407 ornetur
843 3357 1087 3418 astruantur,
1112 3346 1330 3427 quateremur

260 3453 406 3519 οΥΗΔΙοΣ
423 3464 661 3528 ΔΒΑΣΚΑΝΤΟΣ,
683 3452 819 3534 quodque
833 3452 935 3512 Latine
951 3451 1050 3513 itidem
1068 3465 1128 3513 erut
1143 3451 1328 3530 inscriptum,

259 3678 435 3746 Montjaucon.
451 3676 506 3731 Pal.
521 3674 568 3731 Gr.
587 3698 612 3746 p.
636 3676 698 3743 162,
719 3686 768 3731 etc.
788 3674 865 3729 Adde
878 3677 987 3730 Salmas.
1005 3684 1061 3728 not.
1076 3674 1108 3727 ad
1122 3660 1230 3744 Regilla
1248 3673 1329 3728 lnscr.
1351 3697 1356 3710 .

250 3764 285 3837 ’μ
298 3768 348 3839 93,
361 3766 402 3836 94.
417 3764 544 3816 Attamen
565 3760 630 3814 milri
646 3780 816 3829 nequaquam
833 3759 991 3830 persuadere
1008 3778 1131 3830 possum,
1154 3762 1277 3813 Cesarea
1288 3759 1330 3813 lric

259 3871 315 3906 esse
328 3848 522 3919 supplendum,
538 3858 565 3901 et
580 3846 613 3900 de
624 3848 694 3901 Jule'i
703 3848 813 3900 Caesarr's
827 3846 911 3917 esfip'e
921 3844 1138 3915 intelligendum,
1151 3855 1196 3899 aut
1210 3846 1331 3915 Impera-

259 3936 324 3989 toris
334 3935 405 3987 inter
417 3932 508 3987 Dtvos
519 3931 594 3985 relati
606 3930 723 4001 effigiem
735 3930 791 3984 lilio
803 3930 955 3985 adhucdum
966 3929 1036 3985 inter
1048 3928 1172 3983 mortales
1183 3929 1284 3983 viventi
1292 3928 1330 3983 di

258 4030 344 4074 catam
356 4017 445 4071 fuisse.

292 4133 301 4161 ¹
320 4130 387 4183 Inse.
398 4138 466 4199 synt.
478 4146 502 4195 p.
515 4126 580 4193 333,
594 4146 658 4215 ¹¹,7·
1029 4180 1046 4191 ..

284 4236 304 4265 ·²
320 4232 383 4286 vid.
396 4232 478 4301 Spon.
489 4230 581 4287 itiner.
593 4232 626 4285 T.
636 4230 679 4286 lll
689 4270 698 4299 ,
709 4250 734 4301 p.
746 4230 809 4299 133,
825 4230 887 4285 edit
900 4230 984 4302 ungu.
1028 4230 1062 4307 ''s'
