3017 5000
308 488 371 555 106
579 498 583 505 '
636 492 675 556 1¹.
703 492 887 560 OVIDII
911 490 1052 559 VITA

301 646 335 703 et
348 646 445 724 togas
458 628 588 717 viriles,
606 628 710 704 fuisse
726 630 834 718 albas,
856 661 895 707 ea
908 631 1043 733 quidem
1061 629 1265 729 Quintiliani
1280 648 1314 705 et
1326 630 1389 705 Ci-

293 726 433 820 ¹cernuis
451 743 542 834 loca,
562 746 687 847 quibus
708 749 882 822 Manutius
898 749 1011 822 minus
1028 746 1175 835 fidebat,
1191 748 1232 823 ad
1251 776 1391 825 examen

298 880 448 950 revocat,
465 880 505 937 ut
513 890 551 937 ea
564 862 614 935 illi
629 859 749 965 eripiat
765 875 789 938 ¹.
805 866 871 939 Sed
882 864 996 939 deboc
1004 864 1150 941 Nasonis
1159 865 1235 940 lucu
1246 895 1391 969 promus

301 973 388 1049 silut.
418 976 591 1051 Addamus
607 977 728 1072 igitur,
753 978 833 1052 hinc
845 1008 917 1053 nou
933 981 1041 1076 magis
1057 978 1218 1082 probari,
1237 981 1391 1055 tunicam

301 1086 498 1165 laticlaviam
517 1092 654 1165 omniuo
666 1120 857 1193 purpureum
874 1094 1001 1182 missa,
1020 1122 1120 1195 quam
1136 1094 1243 1169 evinci
1259 1121 1389 1195 posse,

299 1221 401 1307 tapara
412 1208 562 1307 puerilem
578 1208 726 1307 ejusdem
746 1238 882 1310 quoque
900 1208 1024 1284 coloris
1039 1208 1163 1297 finisse,
1181 1236 1224 1282 er
1237 1236 1278 1283 eo
1292 1208 1393 1309 quod

297 1352 385 1427 sape
400 1326 470 1399 huc
486 1326 597 1427 poetis
609 1354 752 1428 purpura
767 1328 899 1401 dicitur.
930 1327 1106 1401 Manutius
1123 1328 1196 1431 ipse
1214 1354 1289 1401 uum
1309 1326 1392 1401 aliis

300 1460 432 1530 censet,
450 1459 564 1537 togam
580 1443 667 1515 hane
677 1500 687 1530 ,
698 1458 887 1543 praetextaru
901 1446 1026 1547 passim
1043 1444 1185 1532 dietam,
1202 1442 1289 1517 nibil
1302 1470 1393 1544 pur-

299 1584 442 1659 pureum
467 1557 624 1632 babuisse
641 1576 761 1658 praeter
787 1558 947 1647 limbum,
969 1560 1028 1661 qui
1054 1578 1179 1634 mutem
1205 1576 1393 1633 exuamur

298 1670 485 1759 ambiebat,
500 1671 589 1745 nude
601 1688 770 1773 praetexta
782 1701 914 1747 numen.
930 1674 1137 1772 Quinetiam
1146 1670 1291 1774 prolatis
1303 1670 1393 1772 plu·

297 1789 395 1864 ribus
412 1808 450 1864 ut
460 1790 501 1885 id
518 1790 677 1892 probaret
693 1790 799 1876 loeis,
815 1789 1039 1891 objectionem
1058 1791 1182 1865 exalia
1200 1789 1298 1864 Statii
1317 1807 1392 1864 tes-

299 1906 463 1996 timonio,
486 1907 566 1980 huic
589 1907 758 1981 Ovidiauu
786 1908 966 2010 persimili,
989 1908 1128 2011 petitam
1151 1907 1199 1983 sic
1224 1905 1329 1981 solvit
1344 1915 1390 1981 ¹:

302 2057 320 2087 α
340 2026 426 2097 Nam
444 2022 587 2124 siquis,
614 2052 719 2123 quum
748 2024 869 2120 legerit
885 2050 1016 2099 versum
1032 2022 1132 2099 Statii
1148 2022 1238 2125 Sylr.
1254 2022 1315 2097 lib.
1336 2026 1388 2115 V,

302 2172 320 2205 »
342 2140 511 2240 (Canu,
532 2140 735 2241 vera.67):

462 2282 519 2336 Nec
532 2282 625 2338 saltem
637 2283 736 2337 teuerii
746 2292 850 2337 autrum
861 2282 962 2353 puerile
973 2282 1078 2337 lacertis

465 2372 546 2428 Exuit
556 2392 563 2425 :

302 2522 319 2554 n
341 2504 470 2562 ostrum
498 2485 588 2560 dicat
613 2515 676 2587 pru
700 2504 772 2562 tuta
795 2513 946 2588 purpura
971 2501 1131 2586 praetexta
1156 2500 1389 2584 ustupatum5

302 2637 319 2668 »
338 2603 616 2705 respondebitur,
631 2623 745 2700 togam
761 2604 896 2706 quidem
911 2602 1089 2704 puerilem,
1105 2601 1141 2674 id
1154 2618 1224 2690 est,
1238 2620 1392 2703 praetex-

302 2755 320 2788 »
342 2739 407 2796 tam
432 2722 595 2812 iudicari,
615 2724 710 2822 cujus
731 2723 768 2796 in
795 2723 901 2796 limbo
922 2737 1055 2808 ostrum,
1084 2719 1121 2794 id
1145 2737 1214 2810 est,
1232 2749 1391 2823 purpura

301 2875 318 2904 u
339 2841 554 2930 cernebatur,
572 2870 644 2916 uon
662 2859 773 2916 tarum
786 2841 853 2916 hoc
869 2839 955 2928 dici,
974 2827 1077 2914 totam
1094 2857 1288 2940 praetextam
1301 2865 1391 2942 pur-

303 2991 320 3022 »
340 2945 483 3058 pureum*
495 2958 608 3034 luisse.
626 2992 644 3024 »

349 3071 443 3146 Idem
460 3072 500 3147 de
516 3075 538 3146 J
540 3071 671 3148 uvenali
696 3071 881 3173 Persiuque
907 3069 1085 3145 dicendum
1099 3025 1119 3157 ,Ι
1136 3068 1197 3170 qui
1208 3097 1390 3170 purpuram

179 3281 189 3288 -
300 3218 363 3292 pru
380 3207 538 3290 pretenta
553 3205 776 3290 usurparunt,
791 3185 849 3261 ille
864 3187 933 3262 Sat.
949 3207 993 3276 x,
1012 3213 1096 3260 vers.
1121 3183 1214 3278 154:

482 3328 596 3399 Ingenui
609 3327 697 3382 vultus
705 3346 781 3396 puer,
794 3325 957 3396 ingenuique
968 3323 1092 3394 pudoris,

482 3419 583 3489 Quales
595 3439 651 3474 erae
663 3417 756 3485 decet,
769 3436 834 3487 quus
847 3417 942 3471 Mens
949 3435 1062 3485 purpura
1072 3417 1158 3470 vestit.

302 3537 455 3626 Persius,
474 3535 541 3611 Sat.
557 3556 593 3625 V,
609 3565 693 3611 vers.
714 3535 762 3608 30
777 3565 785 3608 :

486 3675 581 3746 Quum
593 3677 710 3747 primum
721 3674 816 3746 pavido
828 3685 913 3730 custus
923 3672 989 3726 milti
996 3690 1109 3741 purpura
1118 3671 1202 3727 oesuit.

302 3795 412 3892 Igitur
437 3823 541 3895 quum
553 3821 698 3896 purpura
715 3792 913 3896 simpliciter
936 3809 1074 3868 voretur
1097 3810 1176 3888 tuga
1201 3803 1390 3890 pretextu,

304 3941 378 4015 qnae
389 3912 426 3984 in
440 3929 585 3986 extrema
598 3929 727 3986 tautum
742 3939 800 3985 ora
814 3938 997 4014 purpuram
1009 3926 1220 4011 praetextam,
1233 3904 1303 3980 sire
1315 3906 1392 3980 cir-

303 4043 503 4101 cumtextam
520 4024 678 4114 haberet3
698 4025 817 4127 quidni
842 4024 991 4127 potuerit
1001 4052 1145 4126 purpura
1163 4049 1301 4125 qnoque
1317 4019 1394 4096 dici

337 4197 345 4226 ¹
364 4192 407 4246 De
421 4193 462 4246 Re
474 4191 610 4260 vestiaria,
623 4191 666 4247 lib.
679 4191 739 4259 ΙΙΙ,
755 4209 811 4260 cup.
828 4209 867 4244 ro.

335 4279 348 4308 ²
366 4279 456 4347 Quas.
469 4296 518 4347 per
531 4277 613 4347 Epist.
624 4275 667 4331 lib.
680 4277 723 4344 ll,
736 4297 792 4346 cap.
805 4297 839 4358 ι.Ι
