3017 5000
614 376 766 445 VITA.

316 516 410 585 thue
419 534 468 573 suo
478 514 566 570 faveas
576 515 701 577 mandat.
714 514 830 583 Rufino,
843 515 1011 586 Triumpho,

349 608 382 661 ln
395 617 493 662 vestras
504 607 577 660 venit
588 608 610 661 si
622 618 712 661 tamen
725 607 769 662 ilie
780 626 884 661 manus.

317 696 366 753 Eat
377 717 444 768 opus
455 698 592 769 exiguum,
604 698 750 768 vestrisque
764 700 897 769 paratibus
904 698 1006 768 impar:

348 789 437 860 Quale
447 800 540 869 tamen
552 808 667 861 cumque
681 802 736 860 est,
749 802 780 845 ut
790 802 881 845 tueare
892 830 900 858 ,
912 810 985 861 rogo.

41 952 43 987 ι
154 918 199 990 Et
219 914 336 1013 lingua
360 917 478 993 Getica
500 916 653 992 libellum
678 917 720 991 de
740 918 916 993 Laudibus
944 917 1105 1005 Caesaris,
1134 946 1233 1018 quem

156 1032 249 1109 etiam
268 1034 442 1123 recitavit3
470 1035 565 1136 cujus
589 1036 741 1109 meminit
762 1036 814 1111 IV
837 1035 876 1109 de
895 1037 1007 1110 Ponto
1025 1035 1066 1111 ad
1085 1036 1232 1123 Carum,

154 1150 242 1248 Elag.
263 1172 354 1241 xltt,
378 1152 426 1228 sio
441 1152 615 1229 scribens:

315 1308 359 1363 Ab
372 1308 468 1379 pudet!
479 1320 507 1364 et
517 1309 612 1365 Getico
622 1310 712 1380 sua-ipsi
722 1326 847 1365 sumone
857 1308 976 1364 libellum
988 1331 996 1373 ς

348 1399 506 1470 structaque
517 1412 580 1455 sunt
592 1401 689 1456 nostris
701 1401 812 1455 baa-bara
822 1401 903 1455 vert·
912 1400 1007 1455 modis

316 1488 353 1543 Et
363 1489 450 1560 placui
460 1530 468 1559 ,
480 1502 583 1560 matare
594 1491 660 1546 mihi
671 1532 679 1559 ,
691 1493 810 1563 cupique
820 1503 907 1562 poeto

350 1582 427 1636 luter
438 1582 600 1650 inhumanos
611 1601 712 1638 nomeu
724 1582 823 1638 haban
835 1582 926 1638 Getas.

313 1671 459 1727 Matsniam
471 1674 588 1743 quatis?
600 1673 691 1728 laudes
702 1672 735 1727 de
749 1672 856 1728 Cum
867 1673 938 1729 dixi:

350 1761 453 1832 Adjuta
463 1775 504 1818 eat
513 1765 616 1819 novitas
628 1765 740 1819 numine
752 1775 844 1819 nostra
854 1764 917 1820 Dei.

315 1852 386 1907 Nam
397 1852 477 1922 patris
489 1854 604 1925 Augusti
616 1854 694 1909 docui
708 1856 821 1911 mortaie
832 1855 913 1911 tuisse

349 1940 471 2013 Corpus,
484 1943 516 1997 ad
528 1943 650 1999 athenias
660 1964 764 1999 numen
777 1946 859 2002 abisse
871 1945 979 2012 dumont

315 2033 380 2089 Esse
392 2054 484 2105 parem
495 2036 594 2091 virtute
606 2037 690 2106 patri,
703 2038 749 2107 qui
760 2036 837 2092 irena
848 2050 955 2110 rogatus

349 2124 425 2196 Saepe
436 2128 549 2183 recusati
560 2129 660 2197 ceperit
671 2129 792 2199 imperii:

313 2216 378 2273 Fue
389 2218 545 2286 pudicarum
557 2222 667 2275 Vestam
681 2231 722 2289 te,
735 2219 825 2287 Livia,
837 2231 975 2286 matrum

347 2308 513 2381 Ambiguum
524 2320 588 2365 nato
599 2310 719 2385 dignior,
735 2330 805 2367 aune
817 2312 895 2367 viro:
1050 2302 1053 2306 ¹

317 2398 382 2455 Esse
394 2400 461 2455 duos
470 2402 596 2472 juvenes,
611 2402 688 2457 firma
702 2403 857 2475 adjumenta
870 2404 1003 2474 parentis,

350 2494 407 2564 Qui
420 2494 544 2552 dederint
555 2496 636 2550 animi
649 2496 759 2570 pignora
771 2510 843 2570 certa
853 2500 902 2569 sui.

315 2585 382 2642 Haec
394 2588 438 2641 ubi
451 2607 507 2642 non
519 2589 603 2658 patria
614 2589 713 2660 perlegi
725 2590 821 2658 scripta
834 2588 980 2656 Camoeua,
1001 2587 1006 2596 “

345 2677 430 2732 Venit
440 2687 468 2732 et
480 2678 512 2731 ad
525 2678 620 2749 digitos
633 2678 726 2733 ultima
737 2680 828 2734 charta
839 2700 913 2735 meos
924 2700 931 2734 ι

230 2777 236 2800 ’
315 2767 352 2822 Et
362 2779 457 2838 caput,
469 2779 497 2823 et
507 2770 598 2840 plenas
611 2789 705 2825 omues
716 2789 825 2825 movere
836 2771 987 2840 pharetras,

346 2857 383 2913 Et
393 2859 503 2930 longum
515 2859 610 2915 Getico
620 2880 744 2915 murmur
757 2863 785 2915 in
798 2881 844 2916 ore
856 2861 913 2916 fuit

316 2953 406 3022 Atque
418 2953 527 3023 aliquis,
539 2954 644 3010 Scribas
655 2955 710 3010 haec
721 2974 804 3026 quum
816 2955 850 3009 de
863 2954 984 3023 Casus-e,
997 2953 1077 3022 dixit,

350 3043 460 3100 Cesaris
471 3046 585 3116 imperio
596 3047 776 3102 restituendus
788 3068 853 3103 eras.

152 3181 199 3255 De
215 3181 373 3256 Piscibus
389 3211 476 3285 opus
488 3163 562 3256 ¹non
580 3183 738 3286 potissim
759 3184 799 3258 de
817 3182 942 3285 quibus
958 3200 1076 3285 postea
1095 3178 1226 3282 Oppia-

152 3329 228 3390 nus,
248 3299 410 3375 Ovidium
424 3301 589 3388 imitatus,
608 3329 710 3397 grace
728 3299 863 3402 scripsit
877 3299 919 3373 ad
932 3298 1141 3373 Antoninum
1157 3300 1227 3370 lm-

152 3434 346 3518 puatonem.
374 3418 517 3490 Exstant
544 3433 702 3516 praterea
721 3415 827 3489 multa
850 3413 1011 3516 opuscula
1039 3412 1102 3487 sub
1126 3413 1228 3512 hujus

151 3551 257 3634 poetas
276 3532 432 3622 nomine,
458 3548 497 3605 ut
520 3530 559 3605 de
582 3533 675 3606 Nuce
699 3549 733 3605 et
754 3532 973 3606 Medicamine
995 3529 1090 3606 faciei
1114 3559 1152 3606 ac
1174 3559 1230 3605 au·

152 3650 254 3738 rium,
275 3649 317 3724 de
335 3647 468 3736 Puiice,
494 3646 535 3721 do
555 3647 704 3736 Somno,
729 3648 770 3721 de
788 3647 934 3736 Cuculo,
962 3647 1003 3722 de
1019 3648 1170 3733 Aurora,
1189 3646 1230 3719 de

151 3765 352 3853 Philomela,
367 3765 406 3839 de
420 3766 568 3854 Limace,
583 3765 623 3839 de
636 3763 778 3853 Vetula,
793 3765 834 3838 de
847 3781 991 3866 quatuor
1004 3761 1229 3851 Rumoribus,

153 3883 191 3958 de
201 3885 300 3959 Ludo
313 3881 596 3970 latrunculorum
615 3911 688 3984 quas
699 3883 828 3968 omnia,
847 3899 1067 3984 pnaetsrquam
1082 3880 1123 3954 de
1136 3883 1229 3952 Nuce

155 3999 243 4072 etde
259 3998 487 4073 Medicamine
503 3996 617 4086 faciei,
646 4025 718 4097 qua
741 3995 882 4072 fortasse
904 4025 990 4098 puer
1016 3993 1229 4095 composuit,

159 4099 296 4190 ridicuia
315 4131 414 4204 sunt,
432 4141 493 4189 nec
509 4113 629 4208 digna,
645 4129 684 4186 ut
699 4110 813 4186 divino
829 4111 974 4187 Nasonis
988 4111 1144 4207 ingenio,
1160 4135 1229 4181 non
