3017 5000
322 445 383 531 134
662 450 700 513 r.
728 446 912 515 ovrnrr
938 451 1067 518 vrrs

315 618 403 665 auno
419 590 458 663 C.
479 609 584 663 xxxtt
609 587 716 687 (male
734 588 824 690 apud
841 588 981 685 Pagium
997 593 1127 691 xxxt),
1147 622 1217 693 quo
1233 593 1332 667 Caius
1347 616 1393 672 xx

315 706 495 810 complevit
506 736 621 794 suum;
640 706 760 781 deinde
770 735 859 781 anno
874 709 912 781 C.
928 728 1066 798 xxxttl,
1084 739 1152 811 quo
1164 710 1266 785 Caius
1278 709 1392 786 ultimo

315 823 440 899 mensis
454 822 601 919 Augusti
611 821 665 896 die
674 852 799 897 annum
808 824 914 899 atatis
927 844 1002 901 xxll
1012 826 1182 921 ingressus
1197 843 1267 913 est,
1285 844 1394 923 togam

317 941 444 1016 virilem
461 941 637 1026 sumsisse,
654 939 863 1043 barbamque
877 941 1043 1043 posuisse.
1064 942 1150 1039 Qua
1166 942 1396 1047 interpretatio

316 1057 418 1149 nimis
432 1072 586 1130 contorta
600 1053 666 1129 illis
680 1084 750 1129 uon
766 1055 954 1145 videbitur,
969 1058 1029 1158 qui
1044 1056 1310 1148 observaverint,
1323 1060 1399 1133 Sue·

319 1176 450 1281 tunium
466 1175 591 1277 passim
607 1203 676 1249 uno
691 1192 805 1248 tenore
822 1203 956 1277 unaque
969 1175 1110 1279 periodo
1129 1175 1245 1277 plures
1262 1177 1398 1279 conjun-

317 1324 394 1393 gere
411 1322 486 1385 res,
507 1293 549 1367 ad
571 1322 711 1395 quarum
729 1293 870 1396 primam
891 1294 993 1370 modo
1017 1312 1100 1370 nota
1116 1296 1278 1399 temporis
1295 1296 1400 1398 adpo·

317 1413 379 1487 sita
399 1411 605 1514 spectaverit.

367 1538 416 1609 Ut
431 1554 471 1609 ut
487 1536 552 1623 sit,
570 1535 651 1609 satis
667 1553 719 1609 est
734 1534 869 1610 novisse
886 1538 1056 1611 Nasonem
1073 1537 1202 1612 circiter
1217 1537 1305 1611 banc
1325 1555 1400 1611 eta·

319 1668 385 1723 tem
399 1667 433 1724 et
443 1648 585 1727 barbam
599 1678 662 1751 pro
676 1678 769 1725 more
781 1648 975 1726 solemniter
989 1652 1200 1739 resecavisse,
1215 1652 1401 1753 etjuveor'lio

313 1766 433 1869 populo
447 1767 569 1869 leffl'sse,
588 1767 736 1858 honest,
750 1770 907 1843 recitasse
919 1769 962 1844 ad
974 1767 1116 1845 aliorum
1129 1770 1232 1870 hujus
1248 1771 1309 1844 avi
1323 1797 1400 1872 poe-

318 1905 427 1963 tarum
455 1887 579 1975 instar,
599 1914 743 1989 qnorum
766 1886 1043 1964 consuetudinem
1060 1888 1185 1961 iudicat
1203 1905 1238 1961 et
1255 1887 1401 1984 exagitat

320 2002 474 2079 Horatiis
490 2006 619 2079 Nostro
639 2032 783 2092 eotenus,
802 2001 862 2078 lib.
882 2006 917 2092 l,
935 2003 1004 2077 Sat
1024 2022 1077 2093 IV,
1095 2029 1178 2077 vers
1201 2000 1327 2103 73-77.

485 2152 548 2208 Non
561 2159 639 2207 recito
651 2152 792 2223 cuiquam,
809 2151 859 2206 nisi
873 2152 978 2217 amieis,
991 2151 1070 2221 idque
1083 2160 1208 2205 coactns:

484 2247 548 2299 Non
561 2246 659 2312 ubivis,
673 2264 797 2301 coramve
811 2245 978 2313 quibuslibet.
991 2244 1024 2298 ln
1037 2242 1129 2297 medio
1142 2244 1188 2312 qni

485 2336 588 2405 Scripta
602 2337 673 2389 Foro
685 2342 804 2397 recitent,
820 2346 883 2388 sunt
895 2335 990 2387 multi:
1004 2334 1103 2405 quique
1115 2334 1248 2389 lavantes:

465 2426 572 2485 ¹28uave
584 2426 658 2479 locus
669 2425 727 2478 voci
742 2435 850 2479 resonat
861 2426 1014 2480 conclusus:
1025 2426 1119 2504 inanes

485 2518 546 2571 Hoc
558 2518 640 2586 juvat.
762 2505 765 2512 ¹
957 2492 968 2520 ⁸

370 2641 429 2712 w.
448 2634 653 2709 iuvenilium
670 2653 781 2710 autem
800 2637 915 2711 Ovidii
933 2627 1121 2712 carminum
1146 2663 1219 2736 qnae
1237 2636 1403 2738 praecipua

323 2756 423 2830 fuerit
438 2755 594 2840 materia,
623 2781 701 2826 mox
718 2753 858 2854 ipsemet
874 2755 1003 2854 aperit,
1021 2753 1134 2828 eadem
1157 2753 1296 2850 Elegia,
1320 2783 1401 2831 vers.

325 2873 371 2974 59
390 2870 512 2948 elbo:

488 3004 612 3058 Moverat
624 3003 763 3074 ingenium
776 3013 859 3057 totam
871 3013 975 3057 cantata
988 3023 1038 3073 per
1049 3002 1143 3056 urbem

525 3097 642 3150 Nomine
656 3115 712 3149 nou
725 3115 791 3150 vero
802 3095 872 3150 dicta
885 3099 997 3151 Corinna
1008 3095 1083 3150 milri.

321 3216 373 3289 lta
390 3231 423 3288 et
441 3215 556 3288 Amor.
578 3212 638 3288 lib.
654 3217 723 3302 111,
744 3212 838 3312 Eleg.
858 3232 931 3302 ΧΠ,
947 3241 1031 3287 vers.
1055 3211 1123 3287 15:

491 3353 587 3423 Quum
600 3352 717 3417 Thebe,
731 3371 816 3421 quum
828 3351 913 3421 Troia
924 3351 1029 3418 forent,
1042 3369 1127 3422 quum
1141 3347 1251 3406 cesaris
1262 3361 1337 3419 acta,

521 3445 664 3514 Ingenium
678 3445 762 3498 movit
773 3444 828 3497 sola
843 3445 956 3497 Coram
967 3461 1068 3498 meum,

325 3595 363 3640 er
378 3567 503 3668 quibus
516 3565 612 3641 facile
622 3564 828 3664 colligimus,
840 3562 1000 3637 Ovidium
1014 3561 1129 3665 plures
1144 3560 1185 3634 de
1194 3560 1257 3633 bac
1269 3558 1406 3633 &Aaou

324 3682 495 3784 scripsisse
513 3679 667 3775 Elegias,
689 3711 789 3782 quam
812 3680 914 3756 hodie
933 3697 1114 3780 supersunt
1130 3679 1166 3751 in
1182 3678 1348 3751 Amorum
1363 3675 1405 3748 li·

324 3799 413 3885 bris,
430 3797 492 3870 ubi
508 3825 621 3898 paucae
638 3796 680 3868 ad
698 3825 785 3883 eam,
802 3793 853 3869 vel
871 3797 941 3896 ejus
959 3795 1062 3893 gratia
1079 3795 1210 3896 scriptae
1226 3791 1402 3868 babentur.

325 3916 457 3988 Caeterae
471 3914 583 3987 forsan
597 3913 684 3985 inter
696 3910 752 3985 illa
767 3912 903 3987 suerunt
916 3914 1077 4001 earmina,
1096 3940 1170 4013 qnae
1186 3911 1280 3988 addit
1291 3910 1403 4016 priore

322 4025 400 4102 loco
418 4057 452 4103 sc
470 4025 623 4100 Vulcano
643 4025 832 4114 tradidisse,
846 4027 949 4100 Trist.
965 4028 1025 4115 lv3
1042 4048 1085 4115 x,
1098 4055 1184 4102 vers.
1203 4025 1246 4099 δι
1266 4042 1303 4100 et
1318 4023 1388 4097 62:

489 4157 577 4211 Multa
590 4155 699 4227 quidem
711 4156 816 4226 scripsi;
829 4156 876 4211 sed
889 4175 947 4226 quc
958 4156 1050 4211 vitiosa
1062 4157 1168 4228 putavi,

524 4247 714 4304 Emendaturis
726 4248 831 4320 ignitus
843 4249 898 4320 ipse
911 4247 980 4304 dedi.
