3017 5000
187 479 189 484 ·
289 465 312 531 6
573 474 614 540 Ρ.
645 473 827 545 OVIDII
859 478 1093 560 NASONIS

336 614 412 687 Hoc
430 640 491 708 ego
510 609 656 686 devoveo
675 631 774 715 teque
792 633 936 720 tuosque
953 619 1065 696 modo.
1147 657 1150 663 ·

286 733 401 831 thue
419 726 489 817 ille,
508 729 660 805 historiis
677 729 842 808 involvam
860 736 1005 812 carmina
1022 738 1137 814 cecis:

335 849 415 920 Non
432 844 555 920 soleam
571 849 721 949 quamvis
736 849 802 922 boc
820 878 925 947 genus
942 853 1014 956 ipse
1028 854 1134 958 sequi.

286 961 383 1037 Illius
400 962 556 1060 ambages
573 965 723 1042 imitatus
741 967 778 1040 in
795 968 892 1042 Ibide
911 968 1020 1062 dicar,

339 1078 481 1156 Oblitus
497 1083 600 1158 moris
618 1083 803 1186 judiciique
818 1085 893 1163 mei.
1336 1110 1373 1162 oo

287 1198 334 1270 Et
350 1200 526 1298 quoniam,
545 1202 603 1302 qui
617 1202 679 1290 sis,
698 1203 851 1278 nondum
870 1207 1101 1306 querentibus
1118 1207 1202 1297 edo,

335 1312 442 1386 Ibidis
460 1314 585 1389 interea
602 1334 639 1390 tn
657 1345 791 1417 quoque
809 1345 933 1392 nomen
949 1320 1047 1396 babe.

285 1431 400 1530 thue
417 1431 480 1504 mei
498 1459 612 1506 versus
629 1431 839 1534 aliquantum
856 1437 966 1512 noctis
983 1437 1180 1527 habebunt,

336 1549 390 1622 Sic
407 1550 482 1624 vitae
498 1551 599 1625 series
617 1568 686 1626 tota
706 1552 750 1628 sit
764 1570 835 1627 atra
850 1571 926 1628 tuae.

286 1665 366 1738 Haec
383 1665 445 1739 tibi
462 1666 564 1741 natali
580 1667 676 1756 laxo,
696 1667 841 1771 Janiqne
855 1669 1028 1762 kalendis,

335 1783 414 1855 Non
430 1783 613 1857 mentituro
631 1784 777 1892 quilibet
793 1815 850 1860 ore
864 1786 961 1883 legat.

287 1900 334 1974 Di
347 1899 447 1974 maris
466 1918 500 1975 et
517 1919 631 1990 terrae;
655 1903 780 2004 quique
795 1904 849 1978 bis
867 1903 1006 1982 meliora
1022 1903 1143 1980 tenetis

337 2019 429 2091 luter
447 2016 596 2094 diversos
615 2048 691 2096 cunr
706 2023 792 2094 Jove
807 2049 910 2118 regna
924 2019 1043 2124 polos3

288 2132 366 2206 Huc
384 2161 520 2232 precor,
537 2134 604 2208 huc
619 2152 745 2212 vestras
762 2164 880 2211 omnes
897 2136 1058 2210 advertite
1076 2152 1224 2225 mentes,

336 2251 384 2322 Et
399 2247 497 2324 sinite
513 2253 639 2354 optatis
654 2253 790 2364 pondus
809 2254 917 2327 inesse
932 2253 1025 2328 meis.
1340 2289 1375 2344 7⁰

286 2366 433 2468 Ipsaque
451 2385 487 2442 tu
503 2368 642 2457 Tellus,
660 2371 773 2471 ipsum
789 2399 865 2445 cnm
880 2372 1039 2447 fluctibus
1055 2373 1202 2473 AEqnor,

338 2489 413 2588 lpse
431 2517 537 2574 meas,
555 2487 693 2575 AEtber,
712 2490 844 2592 accipe,
860 2520 1006 2578 summe,
1023 2520 1165 2593 preces:

290 2604 490 2705 Sideraque,
510 2623 544 2679 et
559 2607 662 2680 radiis
681 2608 883 2683 circumdata
900 2608 989 2683 Solis
1007 2611 1137 2708 imago;

289 2778 365 2844 cnjus
377 2787 454 2830 terrae
467 2776 523 2831 lraec
538 2778 591 2831 avis
604 2778 677 2848 quasi
689 2779 807 2847 peculia·
857 2780 917 2835 lbin
929 2792 1038 2849 monet,
1057 2793 1088 2837 ut
1099 2782 1181 2836 natali
1197 2801 1263 2849 suo,
1279 2782 1374 2837 kalen-

289 2855 326 2910 ris
339 2876 345 2910 :
359 2868 472 2926 utroque
486 2868 575 2911 autern
589 2858 670 2909 modo
681 2878 729 2931 per
741 2878 809 2913 con·
857 2857 948 2929 disque
959 2860 1102 2928 januariis,
1114 2860 1160 2914 bas
1171 2861 1376 2930 imprecationes

289 2946 437 3007 temptum,
451 2945 478 2990 et
488 2936 687 2990 contumeliose.
700 2938 808 2991 Mrcrr..
858 2956 872 2989 a
883 2938 974 3006 quovis
985 2938 1034 3009 legi
1045 2979 1052 3004 ,
1062 2938 1163 3009 sibique
1174 2956 1222 3007 pro
1228 2938 1320 2993 faustis
1328 2939 1377 2993 im·

325 3020 364 3086 57.
386 3018 468 3084 thue
480 3020 541 3082 ille,
555 3018 670 3071 hr'ston'is
682 3021 809 3071 involvam
857 3016 1054 3085 precationibus
1074 3017 1179 3070 recitari
1196 3028 1295 3084 curet,
1321 3037 1375 3087 quo

291 3099 406 3148 carmena
422 3101 505 3149 cecr's.
522 3094 617 3149 Suidas
630 3096 711 3149 etiam
725 3093 809 3148 Calli-
858 3093 911 3147 scil.
924 3092 954 3147 iis
965 3093 1058 3148 diebus
1069 3094 1264 3163 pronunciata,
1276 3095 1375 3150 certio-

291 3174 378 3229 macbi
387 3172 504 3228 libellum
513 3175 540 3228 in
551 3174 809 3245 lbinperobscurum
857 3192 916 3227 rem
927 3175 1073 3244 perniciem
1080 3172 1248 3244 portendant.
1258 3176 1374 3229 Veteres

291 3256 372 3309 luisse
382 3266 506 3323 testatur,
515 3256 548 3310 de
559 3277 612 3326 quo
621 3257 764 3326 Papiniurn
773 3256 809 3308 lo·
857 3256 946 3321 enim,
961 3253 1089 3325 quidquid
1102 3254 1200 3309 ominis
1211 3253 1291 3321 mali,
1306 3266 1375 3309 tem-

293 3334 337 3405 qui
350 3354 405 3387 non
414 3334 522 3400 dubito,
536 3334 580 3388 lib.
589 3336 632 3389 IV
640 3334 710 3407 Sylv.
724 3352 810 3405 quum
857 3335 966 3403 poribus
976 3333 1025 3388 illis
1035 3333 1156 3388 auditum
1166 3333 1273 3400 luisset,
1283 3332 1373 3387 dirum

291 3422 395 3481 patrem
403 3413 523 3468 laudatio
532 3412 589 3482 ejus
599 3411 727 3481 epicedio,
737 3411 808 3481 quod
858 3414 948 3467 nescio
960 3413 1032 3482 quod
1047 3414 1155 3468 exitium
1168 3412 1267 3466 minari
1279 3412 1375 3467 crede-

294 3490 466 3559 callimachi,
478 3492 673 3565 Lycophronis,
686 3494 810 3563 Sopbro·
857 3493 930 3556 bant.
945 3492 1049 3547 Contra
1061 3491 1117 3545 dies
1128 3490 1203 3556 illos,
1218 3492 1239 3545 si
1251 3490 1318 3545 nibil
1330 3490 1375 3546 in-

292 3572 334 3624 nis
355 3582 382 3625 et
402 3571 530 3625 Corinnae
546 3591 636 3625 versus
658 3570 813 3624 obscurissi·
857 3568 937 3623 fausti
949 3570 1114 3640 contigisset,
1126 3568 1300 3623 faustissimos
1312 3588 1375 3623 cen-

293 3668 352 3702 mos
364 3648 531 3719 intelligeret.
859 3650 960 3702 sebant.
974 3648 1095 3701 Sacvso.

325 3726 366 3779 fis.
390 3728 429 3779 Tu
447 3746 549 3796 quoque.
569 3725 811 3795 Quemadmodum
892 3728 933 3781 68.
944 3728 1015 3779 Inter
1022 3729 1134 3779 diversos
1138 3726 1223 3793 polos.
1238 3725 1375 3779 Arcticurn

295 3802 593 3876 ApolloniusRhodius.
606 3804 685 3858 Dour.
860 3815 888 3860 et
904 3806 1084 3859 antarcticum.
1102 3804 1163 3857 Divi
1179 3815 1257 3858 erant
1274 3804 1379 3858 dnode-

327 3886 368 3940 fis.
384 3887 447 3939 Haec
460 3888 511 3938 tibi
522 3888 611 3938 natali
617 3884 714 3951 sacr'lo.
730 3884 811 3940 Unus
860 3884 930 3951 cim,
947 3882 992 3951 qui
1005 3902 1067 3935 curn
1080 3882 1149 3935 Jove
1163 3880 1321 3935 dicebantur
1333 3893 1377 3937 te·

293 3986 326 4019 ex
342 3964 409 4019 meis
415 3963 520 4031 saccio,
536 3958 715 4017 Bononiensis
724 3963 811 4030 sacto.
860 3980 926 4014 nere
941 3960 1052 4026 celum,
1065 3970 1092 4013 et
1106 3959 1240 4029 majorum
1252 3959 1375 4027 gentium

296 4042 478 4109 Scribelaxo,·
492 4040 563 4111 quod
574 4052 613 4096 est
622 4044 748 4098 minantis
758 4043 813 4097 mi·
860 4040 906 4094 Dii
919 4041 1098 4105 vocabantur;
1117 4060 1183 4111 quos
1201 4049 1228 4093 et
1242 4050 1377 4093 consentes

295 4124 333 4179 bil
344 4123 511 4192 frequentius
519 4120 589 4192 apud
600 4124 714 4193 optimos
726 4133 813 4178 aucto·
861 4120 1027 4192 adpellabant
1044 4162 1052 4190 ,
1075 4122 1121 4192 qui
1140 4140 1156 4174 a
1173 4118 1283 4174 consilio
1299 4118 1376 4174 Jovis

294 4224 346 4257 res.
356 4202 490 4257 H.-Haec
497 4204 545 4257 ott
554 4202 644 4255 natali.
651 4202 811 4273 Priusquam
860 4214 953 4267 erant;
968 4203 1003 4256 ita
1014 4202 1092 4269 dicti,
1108 4200 1177 4271 quod
1192 4199 1377 4255 consentirent

294 4282 366 4337 Naso
375 4280 448 4337 Deos
457 4280 606 4335 invocando
614 4280 663 4336 sibi
674 4280 810 4349 conciliet,
860 4279 889 4335 in
905 4298 957 4349 eo,
974 4280 1046 4351 quod
1063 4279 1211 4352 gerendum
1227 4288 1301 4336 esset.
1315 4278 1374 4333 Ju-
