3017 5000
450 456 548 525 PER
572 456 605 524 J.
632 456 860 527 MASSON.
1131 463 1193 529 133

115 596 274 699 Adeoque
289 596 414 673 fiustra
432 616 483 675 est
499 598 657 702 Lipsius,
686 598 743 703 qui
762 600 828 675 boc
845 600 888 675 ad
912 601 1104 677 tribunatus
1119 604 1195 703 jura

114 714 229 805 refert,
242 718 338 818 quasi
353 716 431 792 inde
445 718 574 820 priores
589 748 627 793 ex
640 738 702 794 xlv
717 720 953 821 amphitheatri
964 722 1123 816 gradibus
1136 751 1197 825 pa·

115 830 258 907 tuissent
275 832 439 921 tribunis,
459 833 624 934 quodjam
636 834 671 908 in
683 836 816 910 Horatii
827 834 906 911 Vita
917 844 926 875 ¹
939 836 1195 912 confutavimus.

167 951 227 1021 lll.
254 948 394 1023 Adhaec
410 979 545 1051 quoque
566 968 718 1053 tempora
742 950 864 1027 reserrc
878 952 1028 1055 juvenilis
1050 953 1197 1028 Nasonis

115 1065 252 1139 cumina
268 1064 360 1154 licet,
379 1094 418 1141 ex
434 1066 526 1141 bisce
543 1067 644 1143 Trist
663 1067 722 1143 lib.
742 1070 802 1158 IV,
822 1067 916 1165 Eleg.
936 1091 976 1158 x,
992 1096 1041 1143 rs.
1059 1067 1197 1144 56-58:

311 1236 433 1307 Notaque
446 1256 502 1290 nou
515 1234 590 1290 tarde
602 1234 672 1290 l'acta
686 1233 781 1291 Thalia
791 1254 853 1289 mea
867 1245 914 1291 εει
1022 1216 1028 1223 ⁵

282 1329 403 1381 Carmina
414 1348 498 1398 quum
510 1328 627 1399 primum
639 1328 738 1399 populo
743 1330 873 1397 juvenile&
881 1326 951 1400 legi,

314 1418 402 1472 Barba
413 1429 513 1474 resecta
525 1419 592 1473 mihi
607 1420 679 1475 bisve
691 1419 808 1475 semelve
818 1419 879 1475 luit.
917 1492 921 1500 ι

113 1552 262 1628 Barbam
280 1556 413 1657 quidem
430 1557 575 1632 Romani
593 1556 765 1658 ponebant
779 1555 903 1643 serius,
920 1555 1037 1641 citius3
1056 1554 1115 1629 sed
1126 1553 1198 1657 ple·

114 1701 259 1774 rumque
267 1672 330 1747 sub
344 1702 468 1751 annum
482 1675 589 1750 nutis
603 1693 696 1762 xxm
710 1673 828 1775 Lipsio
839 1683 853 1713 ²
864 1671 1018 1775 placebat
1031 1692 1106 1747 m.
1118 1672 1199 1749 Mo·

115 1788 240 1862 crebius
252 1803 348 1876 certe,
366 1790 432 1879 ait,
450 1791 481 1865 in
492 1790 600 1865 Semo.
613 1790 766 1891 Scriu'omis
779 1808 830 1865 ter
842 1789 1067 1891 septenarium
1080 1818 1200 1866 nume·

115 1930 194 1975 rum
218 1903 342 2003 requiri
369 1904 411 1979 ad
437 1904 616 1981 radendam
640 1904 780 1981 barbam
804 1903 987 2005 affirmarit.
1017 1905 1069 1979 Cl.
1100 1904 1201 1978 etiam
1301 1941 1305 1947 ·

115 2019 316 2101 Dodwellus
335 2020 366 2111 ³,
382 2041 422 2097 ut
444 2023 567 2125 probet
582 2023 740 2113 barbam,
759 2051 849 2097 anno
864 2024 971 2097 aetatis
990 2042 1074 2112 xxt,
1091 2050 1201 2098 rasam

115 2137 240 2229 luisse,
255 2140 296 2214 ad
314 2140 401 2215 idem
419 2142 586 2217 Macrobii
606 2170 713 2243 opus,
733 2139 830 2216 nullo
849 2140 937 2216 libro
953 2141 1100 2243 capitere
1116 2169 1200 2243 pro-

115 2251 209 2343 lato,
235 2284 297 2329 nos
320 2256 483 2330 amandat.
513 2256 562 2329 At
585 2285 689 2357 quum
713 2274 823 2343 totum
844 2255 1070 2357 pervolverem
1092 2284 1200 2357 opus,

115 2370 190 2445 baec
205 2372 306 2446 modo
319 2369 642 2463 succurreruntdib.
656 2372 687 2461 l,
702 2400 773 2472 cap.
786 2370 829 2459 6,
841 2370 942 2445 verba
957 2400 964 2443 :
978 2370 1060 2444 Post
1073 2384 1120 2444 ter
1129 2398 1199 2470 sep-

115 2505 205 2562 tenos
225 2517 321 2562 annos
331 2486 419 2591 flore
434 2517 532 2589 genos
553 2487 647 2562 vestrl
662 2488 800 2582 piscentes.
828 2484 938 2560 Citius
956 2504 1066 2562 tamen
1083 2485 1199 2562 validae

115 2604 213 2700 signa
226 2603 371 2704 juvente
388 2605 481 2700 genis
497 2602 689 2705 irrepsisse,
704 2619 847 2676 testatur
859 2617 976 2677 auctor
989 2602 1145 2678 carminis
1157 2603 1200 2679 ad

115 2719 297 2810 Pisonem,
315 2747 457 2794 canens:

201 2899 204 2902 ·
288 2877 420 2946 Quamvis
432 2896 506 2930 nuuc
516 2876 633 2945 iuvenile
646 2876 727 2931 decus
740 2877 807 2931 milri
819 2876 928 2948 pingere
941 2877 1022 2933 malas

288 2967 423 3039 Coeperic,
437 2977 464 3022 et
476 2967 599 3022 nondum
610 2971 730 3022 or'cesrbra
741 2968 846 3022 venerit
855 2979 941 3023 estas.

119 3095 248 3172 Melius
263 3123 342 3193 vero
361 3093 412 3169 Cl.
429 3095 555 3191 Pagius
571 3091 584 3140 ⁴
603 3093 693 3169 hand
709 3095 756 3168 ita
772 3095 903 3195 pridem
916 3113 1034 3171 contra
1046 3099 1201 3201 Lipsium

119 3213 313 3302 contendit,
330 3212 471 3288 barbam
488 3211 529 3286 de
546 3211 639 3286 more
655 3239 742 3284 anno
761 3212 867 3286 aetatis
885 3230 961 3287 xxtt
978 3211 1136 3290 inchoato
1148 3246 1202 3292 ra-

120 3363 191 3411 sam
200 3361 284 3410 esse.
297 3333 338 3404 ln
347 3327 499 3431 exemplo
512 3347 621 3412 mmen
639 3327 714 3402 Caii
722 3326 902 3404 difficultas
914 3328 1024 3404 adbuc
1037 3351 1200 3432 superest.

121 3453 160 3526 si
175 3449 330 3525 Suetonii
347 3447 460 3522 verbis
475 3444 720 3534 adhereamus,
739 3444 841 3518 Caius
853 3445 997 3520 vicentio
1009 3448 1110 3521 atatis
1120 3476 1204 3525 mro

119 3565 235 3640 uatus
252 3563 423 3662 Caprenso
441 3560 477 3638 Τ
473 3560 587 3646 r'ben‘cr,
614 3587 675 3634 uno
694 3558 858 3659 eodemque
876 3557 927 3632 die
949 3576 1050 3661 togam
1071 3564 1201 3652 surnsit,

119 3681 306 3782 bardmnque
310 3675 426 3780 posuit.
442 3679 489 3750 At
504 3676 595 3750 hunc
608 3674 719 3752 locum
735 3675 783 3750 ita
798 3676 923 3773 Pagius
936 3679 1089 3780 exponit,
1103 3697 1142 3754 ut
1155 3681 1205 3755 si-

119 3797 275 3896 gnificet,
294 3794 413 3870 Caium
430 3813 480 3868 xx
495 3793 600 3867 atatis
618 3819 707 3866 anno
726 3793 870 3893 Capreas
886 3793 1035 3883 venisse,
1052 3795 1116 3870 hoc
1133 3816 1206 3886 est,

155 3999 164 4032 ¹
183 3997 246 4066 Peg.
260 3995 386 4049 rie-us.

156 4081 171 4112 ²
187 4079 294 4132 Exeurs
304 4078 336 4131 B.
347 4075 377 4130 iu
388 4075 472 4130 Tacit.
484 4075 558 4128 Anu.
570 4072 650 4128 XIV.

157 4162 171 4196 ³
187 4163 281 4217 Annsl.
293 4161 412 4232 Quintil.
424 4181 451 4232 p.
467 4179 508 4234 79.

158 4251 172 4287 ⁸
188 4247 277 4304 Critic„
289 4247 317 4304 iu
329 4245 430 4303 Annal.
441 4246 539 4301 Boron.
550 4243 582 4300 sd
595 4263 637 4299 an.
649 4241 682 4298 C.
696 4260 759 4311 cvr,
776 4263 802 4299 n.
816 4265 838 4298 r.
