3017 5000
344 534 403 623 198
665 529 705 593 P.
745 525 932 593 OVIDll
961 524 1102 591 VITA

505 675 604 730 Felices
617 675 713 743 ambo,
725 673 933 744 tempestiveque
944 672 1056 743 sepulti,

539 768 611 820 Ante
624 765 696 819 diem
709 784 793 835 prenae
804 765 874 835 quod
886 764 988 835 periere
999 762 1082 817 moal

507 858 555 911 Me
569 876 675 927 quoque
686 856 807 924 felicem,
823 856 894 927 quod
906 875 962 911 non
974 855 1123 940 sinentibus
1133 853 1182 909 illis

535 948 602 1005 Sum
616 950 712 1013 miser,
729 960 757 1002 et
769 948 802 1002 de
814 968 858 1002 me
870 948 941 1018 quod
954 945 1062 1001 doluere
1074 946 1158 1000 nihil!

341 1081 440 1154 Suam
453 1078 642 1179 verofila'mn
656 1077 693 1149 in
704 1076 820 1151 Africa
835 1094 906 1151 tum
917 1074 1039 1162 fuisse,
1056 1071 1175 1174 prodit
1185 1070 1289 1147 Trist.
1306 1069 1370 1145 lib.
1383 1075 1417 1158 l,

342 1196 434 1293 Eleg.
455 1214 519 1285 111,
535 1221 619 1269 vers.
644 1220 686 1295 19
703 1209 736 1265 et
752 1218 799 1265 20
815 1224 824 1265 ε

503 1352 585 1406 Nm
598 1350 689 1419 procul
701 1350 807 1420 Libycis
818 1347 908 1400 aberat
919 1344 1021 1400 diversa
1031 1344 1080 1399 tub
1090 1350 1143 1399 orr's
1153 1361 1164 1409 3
1201 1348 1205 1356 ’

540 1442 597 1496 Nec
609 1449 711 1509 poterat
722 1438 770 1492 lati
784 1438 882 1491 certior
890 1456 945 1490 esse
956 1437 1019 1491 mei.

343 1584 392 1655 Ea
406 1582 563 1655 nimirum
581 1608 657 1653 cum
674 1578 796 1651 marito
813 1576 897 1665 luit,
916 1576 975 1678 qni
991 1576 1054 1648 hae
1072 1575 1107 1649 in
1124 1574 1294 1677 provincia
1307 1573 1423 1675 aliquo

342 1696 547 1793 fungebatur
562 1723 719 1787 munere,
737 1694 838 1769 nobis
867 1691 1001 1794 quidem
1023 1692 1164 1787 ignoto,
1192 1690 1248 1765 sed
1269 1691 1366 1791 quod
1383 1689 1423 1762 ad

346 1815 546 1891 senatorium
565 1816 716 1890 ordinem
740 1812 957 1917 pertinuerit,
975 1811 1004 1885 si
1025 1812 1066 1885 de
1082 1811 1148 1884 hoc
1169 1819 1179 1849 ¹
1197 1809 1344 1884 Nasonis
1369 1836 1425 1905 ge·

347 1962 430 2007 nero
446 1932 490 2007 sit
503 1930 740 2027 intelligendus
754 1930 876 2005 Seneca
891 1935 905 1967 ²
921 1961 928 2003 ε
947 1964 965 1995 «
981 1932 1021 2004 ln
1039 1947 1178 2016 senatu,
1195 1926 1325 2028 inquit,
1343 1926 1425 2003 tlen-

349 2084 367 2117 »
390 2068 454 2122 tem
467 2048 610 2123 vidimus
619 2049 739 2122 Fidum
754 2046 966 2137 Cornelium,
983 2045 1130 2121 Nasonis
1144 2072 1311 2142 generum,
1327 2062 1390 2119 etc.
1405 2078 1422 2109 1>

346 2170 402 2241 An
416 2166 530 2241 eadem
544 2166 646 2241 luerit
658 2164 789 2240 Perille
800 2161 938 2239 nomine
951 2164 1053 2255 dicta,
1067 2192 1146 2237 mox
1159 2160 1202 2236 ad
1214 2190 1341 2237 annum
1357 2191 1424 2263 seq.

231 2364 233 2372 ⁴
347 2284 544 2359 videbimus.

397 2382 521 2497 Quoad
538 2396 652 2471 Ovidii
675 2394 830 2500 conjugem
853 2393 969 2471 ordine
987 2394 1116 2469 tertiam
1134 2422 1173 2469 ac
1189 2376 1363 2480 ultimam,
1393 2419 1427 2466 ta

241 2569 242 2572 κ
347 2545 417 2590 non
436 2514 626 2589 modorum
648 2512 707 2586 illo
723 2541 806 2588 seros
817 2515 990 2614 pennensi!
1005 2515 1037 2586 in
1049 2540 1163 2599 annos,
1185 2530 1219 2586 et

546 2661 679 2715 Sustinuit
691 2661 789 2730 conjux
795 2663 893 2718 exsulis
903 2679 958 2714 esse
974 2661 1024 2713 viri
1033 2658 1061 2726 ²3

350 2790 409 2866 sed
426 2807 460 2864 et
474 2788 628 2863 maritum
652 2788 687 2861 in
705 2785 856 2860 exsilium
873 2805 985 2864 secuta
1006 2787 1145 2876 luisset,
1169 2789 1198 2864 si
1216 2814 1370 2889 pereum
1389 2784 1430 2860 li·

351 2907 491 2994 coisset,
507 2903 610 2978 Trist.
628 2901 686 2976 lib.
706 2905 736 2990 l,
752 2902 847 2998 Eleg.
863 2922 925 2992 tlt,
939 2931 1022 2977 vers
1042 2900 1181 2976 lli-88:

518 3061 581 3116 Non
593 3070 668 3130 potes
679 3058 754 3114 avelli
767 3079 775 3113 ι
786 3059 881 3125 simul,
895 3059 928 3113 ah
937 3059 945 3112 l
954 3047 1035 3114 simul
1044 3060 1158 3128 ibimus,
1171 3059 1276 3128 inquit3

549 3153 589 3207 Te
605 3171 715 3222 sequar,
728 3161 756 3205 et
766 3153 864 3220 conjux
876 3151 968 3206 emulis
978 3151 1051 3205 exsul
1063 3169 1125 3220 ero,
1138 3161 1187 3206 ete

516 3246 590 3301 'l'alia
602 3245 736 3311 tentabat,
747 3245 783 3299 sic
795 3254 823 3297 et
837 3255 983 3300 tentaverat
994 3252 1071 3307 ante,

549 3339 654 3407 Virque
666 3336 741 3392 dedit
752 3337 833 3390 victas
843 3336 956 3390 utilitate
967 3352 1080 3402 manus,
1092 3343 1141 3388 etr„

351 3465 521 3562 Integmm
537 3464 611 3562 lege
628 3492 777 3551 carmen,
794 3481 834 3536 ut
851 3462 962 3538 videas
981 3478 1125 3563 quantus
1143 3458 1259 3534 Ovidii
1276 3457 1432 3560 proficia-

356 3584 461 3658 centis
479 3613 516 3656 ac
533 3610 668 3656 suornm
686 3578 797 3672 luctus
812 3579 1019 3681 gemitusque
1032 3577 1150 3665 finerit,
1168 3574 1225 3651 illa
1241 3576 1432 3652 tristissima

353 3717 469 3786 noete,
489 3722 562 3800 quae
582 3699 707 3770 Nostro
725 3725 918 3799 supremum
935 3713 1064 3798 tempus
1079 3697 1113 3770 in
1127 3695 1211 3770 urbe
1224 3695 1299 3769 tuit.

402 3818 462 3889 lX.
482 3818 553 3889 Nec
571 3817 670 3889 etiam
689 3815 743 3888 hic
757 3813 957 3902 omittenda,
977 3841 1050 3915 quae
1065 3813 1107 3888 de
1123 3813 1194 3887 suis
1209 3810 1353 3886 Ovidius
1363 3807 1433 3882 snb

355 3931 441 4029 suge
464 3949 597 4033 tempus
621 3931 780 4034 operibus
802 3931 927 4033 prodit.
946 3931 1035 4005 Tum
1052 3929 1164 4005 Musis
1180 3930 1284 4004 iratus
1299 3943 1434 4002 tum-

386 4134 396 4164 ¹
415 4131 459 4184 Bis
471 4129 544 4183 enim
558 4139 641 4199 nupta
652 4129 720 4194 suit;
732 4129 785 4184 vid.
798 4150 855 4201 sup.
868 4150 925 4200 pag.
942 4131 995 4197 154.

384 4221 396 4252 ²
413 4219 455 4274 lld
469 4220 619 4288 Serenum,
633 4240 690 4290 cap.
705 4241 733 4290 ¹7
745 4241 756 4290 ,·
767 4220 822 4276 rid.
832 4241 889 4291 sup.
902 4242 959 4292 pag.
976 4222 1030 4276 rati.

386 4305 397 4344 ³
414 4311 493 4365 Trist.
504 4310 548 4364 lib.
562 4311 616 4379 IV,
632 4310 706 4381 Eleg.
720 4329 751 4380 x,
766 4332 833 4366 vers.
847 4315 886 4382 7⁴·
