3017 5000
342 508 403 575 130
573 562 574 565 ,
667 507 706 571 Ρ.
741 504 925 573 OVIDII
958 505 1088 573 VITA

337 680 355 713 a
378 644 555 735 Cornelio,
580 646 617 719 P.
639 646 837 748 Sempronio
864 673 949 721 coss.
971 646 1031 745 (id
1054 665 1125 734 est,
1148 676 1201 722 an.
1231 650 1275 722 U.
1301 652 1338 725 C.
1363 672 1404 728 m

337 798 355 832 >›
376 768 517 839 Varron.
532 766 547 857 )
564 764 703 837 Decimo
721 790 829 850 anno,
846 781 963 865 postea
980 794 1079 865 quam
1098 763 1204 842 locata
1216 786 1302 855 erat,
1320 770 1404 845 dedi·

335 914 354 947 »
376 881 461 953 cavit
486 908 555 955 eam
579 883 629 954 Μ.
647 879 772 955 lunius
787 882 931 968 Brutns;
950 879 1089 982 ludique
1105 882 1152 955 ob
1172 882 1404 962 dedicationem

335 1032 356 1065 »
377 998 450 1097 ejus
465 996 564 1087 facti,
583 1026 668 1098 quos
684 997 813 1097 primos
831 1012 996 1071 ScEtttcos
1010 997 1112 1072 fuisse
1124 997 1276 1074 Valerius
1293 1004 1404 1079 Antias

334 1149 354 1182 »
373 1134 424 1191 est
440 1134 576 1203 auctor,
594 1114 767 1215 Megalesia
783 1112 990 1215 appellatos3
1012 1150 1030 1180 »
1048 1115 1141 1216 quod
1162 1118 1337 1194 confirmat
1349 1118 1403 1194 lib.

332 1236 495 1321 XXXIV,
513 1259 584 1332 cap.
612 1228 677 1319 53,
696 1229 738 1304 ad
756 1229 967 1305 consulatum
990 1233 1159 1335 Scipionis
1183 1235 1331 1310 Africani
1352 1240 1403 1326 Il,

332 1371 368 1427 et
383 1352 573 1453 Sempronii
590 1350 719 1447 Longi,
734 1349 799 1423 hoc
816 1368 882 1439 est,
900 1378 953 1424 an.
972 1353 1016 1423 U.
1035 1352 1074 1424 C.
1092 1352 1234 1426 Varmn.
1254 1374 1344 1444 ΜΚ,
1357 1356 1405 1429 his

330 1469 467 1544 verbis:
491 1501 508 1533 «
531 1466 736 1563 Megalensia
752 1464 853 1541 ludos
878 1483 1066 1554 scENICOS,
1090 1466 1128 1540 C.
1148 1466 1290 1543 Attilius
1314 1470 1405 1545 Sara·

331 1622 350 1653 »
370 1616 436 1661 nus
449 1644 458 1675 ,
472 1590 509 1661 L.
527 1586 725 1659 Scribonius
738 1584 827 1658 Libo
839 1582 948 1659 aediles
959 1584 1091 1658 curules
1101 1604 1207 1658 Ptttttt
1219 1584 1376 1662 lecerunt.
1387 1622 1402 1651 »ι

328 1706 411 1781 Inde
426 1725 495 1794 est,
511 1704 603 1807 quod
614 1703 741 1778 Andria
754 1702 902 1776 Terentii
918 1700 1095 1777 dicaturin
1110 1700 1230 1792 titulo,
1247 1704 1406 1779 mmludri

328 1822 583 1923 Megalensibus,
607 1839 669 1895 etc.

378 1938 409 2012 3.
431 1939 548 2013 Tertio
566 1938 716 2041 apprime
734 1936 1081 2024 animadvertendum,
1099 1936 1190 2011 hisce
1203 1938 1239 2010 in
1252 1937 1342 2012 ludis
1356 1968 1405 2012 sc-

326 2073 442 2129 natum
462 2084 478 2127 a
497 2052 627 2155 populo
644 2070 808 2129 secretum
827 2070 976 2153 spectare
989 2052 1031 2125 ab
1047 2050 1106 2125 illo
1119 2080 1208 2126 anno
1223 2056 1265 2127 U.
1281 2055 1322 2127 C.
1337 2074 1404 2128 ott

327 2172 485 2274 coepisse,
509 2172 562 2244 uti
579 2170 666 2244 clare
681 2198 750 2245 rern
769 2171 908 2271 exponit
925 2169 1035 2244 Valer.
1056 2170 1247 2257 Maximus,
1272 2170 1334 2246 lib.
1352 2176 1404 2259 ll,

327 2318 399 2394 cap.
413 2292 455 2383 [μ
475 2324 491 2355 «
506 2290 571 2363 Per
582 2289 785 2391 quingentos
794 2307 922 2377 autem,
933 2289 997 2378 ait,
1010 2308 1044 2363 et
1053 2288 1296 2390 quinquaginta
1309 2296 1401 2363 οέῑοι

327 2438 346 2471 »
368 2434 494 2493 annos,
513 2422 648 2479 senatus
672 2405 803 2507 populo
827 2404 952 2478 mixtus
973 2402 1163 2506 spectaculo
1179 2402 1339 2477 ludorum
1356 2403 1406 2475 in·

328 2553 347 2586 u
368 2520 503 2607 teriuit;
521 2520 578 2595 sed
596 2520 686 2593 hunc
699 2549 828 2594 morem
842 2522 880 2595 C.
897 2518 1036 2594 Attilius
1054 2521 1198 2595 Saranus
1213 2537 1247 2595 ct
1262 2523 1304 2594 L.
1321 2517 1405 2592 Scri·

326 2667 346 2700 »
365 2634 489 2708 bonius
505 2633 594 2706 Libo
612 2632 743 2719 aediles,
760 2633 861 2708 ludos
875 2635 978 2708 Matri
990 2635 1101 2709 Derim
1115 2634 1293 2723 facientes,
1307 2661 1405 2738 supe·

325 2785 345 2820 »
367 2751 465 2824 rioris
475 2749 622 2824 Africani
639 2747 734 2846 (tum
749 2779 817 2825 cos.
836 2755 886 2850 11)
902 2754 1100 2825 sententiam
1113 2755 1243 2843 secuti,
1256 2753 1406 2829 discretis

326 2901 345 2932 n
368 2869 482 2964 (NB.)
502 2883 636 2941 senatus
654 2885 687 2940 et
700 2867 821 2968 populi
838 2867 939 2958 locis,
961 2868 1152 2957 solverunt,
1171 2888 1233 2946 etc.
1252 2905 1269 2935 »

375 2984 495 3057 Postea
507 3011 585 3057 vero
602 2985 639 3056 L.
657 2984 801 3059 Roscius
818 2986 914 3060 Otho
928 3003 1092 3088 equestrem
1107 3016 1242 3089 quoque
1257 2988 1405 3062 ordinem

324 3129 344 3174 a
361 3100 503 3202 plebect
513 3118 630 3175 senatu
641 3099 814 3191 distinxit,
834 3122 898 3176 xlv
913 3104 1033 3178 theatri
1043 3105 1320 3206 amphitheatrive
1334 3133 1405 3202 gra

326 3219 389 3294 dus
404 3248 463 3294 seu
481 3218 617 3292 ordines
635 3218 806 3319 equitibus
823 3219 1001 3316 adsignans
1019 3230 1044 3293 ².
1071 3220 1181 3295 Aliter
1196 3223 1285 3295 enim
1302 3251 1338 3296 se
1353 3249 1404 3295 res

325 3335 362 3412 in
377 3338 457 3412 erico
480 3335 646 3426 habebat,
666 3335 756 3437 apud
775 3363 873 3438 quem
889 3337 980 3410 Nero
996 3336 1125 3437 primns
1139 3338 1271 3438 eqm'tum
1283 3339 1404 3413 Romo·

359 3516 367 3546 ¹
387 3510 517 3580 Sequitur
527 3529 625 3579 nempe
639 3507 728 3564 Verrii
742 3509 827 3564 Flacci
839 3507 968 3576 calculos,
980 3511 1069 3565 livius
1080 3529 1145 3564 vero
1157 3509 1237 3574 alios;
1250 3511 1351 3581 quippe
1361 3510 1405 3580 qui

326 3599 359 3653 ad
372 3597 481 3654 cosdem
498 3597 618 3650 consules
633 3609 738 3664 narrat,
756 3619 770 3644 s
785 3597 883 3650 borum
899 3595 1016 3651 sedilium
1032 3596 1108 3650 ludos
1127 3597 1264 3651 Romanos
1286 3597 1405 3668 primurn
1451 3585 1456 3596 ¹

327 3703 342 3730 »ι
354 3692 477 3736 senatum
494 3701 509 3734 a
520 3682 618 3750 populo
635 3694 768 3737 secretum
779 3683 953 3752 spectavisse;
968 3706 982 3730 r
994 3694 1073 3754 atque
1086 3706 1100 3730 α
1112 3683 1144 3736 ad
1160 3683 1406 3754 quingentesimum

324 3787 338 3814 s
358 3766 605 3836 quinquagesimum
613 3778 714 3821 sextum
727 3786 829 3820 annum
836 3807 845 3835 ,
859 3790 873 3814 a
882 3767 980 3823 scilicet
992 3767 1028 3821 U.
1043 3767 1075 3823 C.
1085 3791 1099 3815 α
1110 3769 1138 3821 in
1150 3769 1302 3836 promiscuo
1308 3779 1409 3837 specta·

328 3863 415 3905 ntum
428 3871 483 3905 csse
498 3872 505 3905 ε
519 3875 532 3897 u
549 3851 594 3905 lib.
611 3852 744 3919 xxxtV,
757 3871 812 3922 cap.
824 3853 864 3906 53.
876 3851 931 3906 Ubi
943 3851 1022 3904 simul
1034 3863 1128 3906 notare
1142 3863 1198 3919 est,
1213 3869 1276 3905 eum
1288 3851 1322 3905 de
1340 3855 1408 3905 lulis

327 3939 468 3999 Romans,
485 3955 542 3990 non
552 3956 617 3990 rero
630 3937 833 4005 remensum,
850 3937 891 3992 uti
902 3938 964 3993 vat.
979 3937 1126 4004 Maximus,
1137 3938 1165 3992 id
1177 3939 1318 3997 obscum
1327 3972 1343 4006 ,·
1351 3957 1409 3993 non

327 4043 402 4079 secus
412 4043 441 4077 ac
451 4043 506 4093 cap.
521 4025 570 4091 44,
593 4040 647 4092 quo
661 4021 761 4089 refert,
776 4043 790 4069 α
804 4042 944 4090 censores,
960 4023 1030 4078 ludis
1048 4023 1177 4078 Romanis
1191 4024 1311 4080 edilibus
1326 4045 1409 4080 curn·

327 4108 395 4162 libus
415 4107 575 4176 imperasse,
588 4117 618 4160 ut
633 4109 692 4160 loca
714 4113 844 4160 senatoria
858 4118 1016 4162 secernerent
1030 4128 1049 4160 a
1063 4113 1159 4177 populo
1176 4129 1261 4164 :nam
1278 4121 1361 4165 antea
1380 4111 1409 4167 in

328 4193 478 4263 promiscuo
492 4189 652 4258 spectabant.
667 4211 681 4236 o

362 4285 373 4315 ²
391 4281 459 4334 Vide
471 4299 531 4351 quae
543 4290 666 4334 notamus
678 4279 706 4332 in
720 4279 814 4336 Horat.
826 4280 903 4346 Vita,
921 4300 979 4350 pag.
992 4300 1037 4334 rra
1050 4261 1104 4350 sqq]
