3017 5000
306 431 371 493 280
640 424 1042 495 DEDICATIONES

304 581 362 657 aut
379 566 543 641 montium
558 566 690 664 fastigia
706 583 895 668 pertentat,
918 565 1025 660 magis
1041 564 1195 638 homiues
1212 563 1393 650 oblectat,

304 709 403 782 quam
429 681 480 755 sol
498 684 590 782 ipse,
611 711 710 784 quem
737 679 927 782 promittit:
947 682 993 754 ita
1014 679 1152 754 delicata
1168 678 1224 753 illa
1241 678 1395 776 liuguae,

304 817 374 872 tum
393 826 428 872 se
445 800 591 897 primum
609 799 868 884 commoventis,
893 798 1046 898 puritas,
1076 825 1148 899 qua
1170 797 1264 897 prius
1284 826 1395 898 quarn

302 916 414 1015 poesis
430 915 521 1016 ipsa,
541 914 632 1015 quod
649 944 718 987 nou
735 913 834 989 multi
846 913 978 1003 vident,
997 912 1152 987 absoluta
1167 914 1232 988 luit
1249 942 1287 989 ac
1308 943 1397 1014 per-

303 1029 405 1117 secta,
425 1030 519 1131 quasi
533 1029 617 1103 nihil
631 1032 739 1129 majus
757 1028 1014 1130 exspectandum
1028 1045 1132 1115 esset,
1150 1028 1300 1103 eruditos
1315 1029 1396 1101 ani-

302 1173 377 1218 mos
388 1145 424 1216 iu
439 1146 690 1219 admirationem
703 1149 757 1219 sui
771 1146 872 1218 traxit
883 1172 920 1217 ac
933 1142 1057 1218 defixit.
1074 1144 1252 1231 Ceterum,
1268 1172 1397 1244 quern-

306 1259 486 1333 admodum
508 1288 652 1335 romanae
676 1288 729 1333 res
750 1258 836 1333 nibil
853 1288 945 1360 aque
961 1259 1135 1360 proprium
1151 1275 1209 1330 aut
1227 1285 1396 1333 cousum-

304 1396 430 1453 matum
440 1378 607 1465 habuere,
623 1406 660 1452 ac
675 1376 902 1477 majestatem,
919 1406 1018 1478 quam
1029 1375 1312 1471 exmagnitudine
1325 1377 1398 1449 im-'

304 1494 419 1593 perio,
437 1493 607 1569 severitate
628 1522 782 1581 morum,
805 1522 843 1567 ae
869 1491 1045 1581 felicitate,
1070 1494 1163 1565 Deus
1187 1490 1398 1566 immortalis

304 1610 449 1711 principi
468 1628 627 1685 terrarum
640 1610 771 1713 populo
783 1608 930 1683 fataliter
945 1625 1090 1683 servarat
1105 1608 1173 1681 :ita
1188 1605 1230 1680 ad
1244 1635 1398 1708 poeseos

304 1726 475 1822 fastigium
492 1754 529 1799 ac
543 1724 692 1813 eulmen,
712 1726 862 1827 quadam
875 1726 984 1799 adbuc
998 1724 1133 1799 deerant
1143 1724 1302 1812 virtutes,
1315 1753 1398 1825 quae

306 1837 426 1941 poesin
442 1840 556 1939 potius
569 1838 799 1927 absolverent,
813 1867 913 1940 quam
928 1837 1050 1933 lingue
1063 1856 1278 1912 venustatem.
1296 1840 1399 1913 luter

309 1985 392 2058 quas
410 1957 564 2055 majestas
581 1955 687 2058 prima
705 1957 782 2030 fuit.
810 1957 895 2052 Quae
913 1957 948 2029 iu
968 1955 1068 2029 Publ.
1086 1955 1229 2052 Virgilio
1247 1958 1400 2033 llaroue

308 2091 399 2146 tanta
416 2073 500 2159 suit,
518 2090 556 2145 ut
571 2100 613 2145 ne
629 2071 749 2174 populi
764 2071 894 2145 romani
911 2070 1046 2173 quidem
1065 2071 1227 2171 majestati
1244 2090 1304 2145 aut
1322 2074 1398 2146 im-

307 2191 393 2292 perii
420 2190 588 2265 concedat.
615 2191 687 2287 Qui
713 2192 917 2277 Homerum,
937 2190 1072 2264 Gracia
1094 2190 1197 2264 totius
1218 2191 1332 2264 Deum
1357 2220 1399 2265 ac

309 2328 501 2408 stuporem,
521 2307 585 2379 hoe
601 2306 726 2405 judicio
745 2334 783 2379 ac
798 2323 909 2381 mente
925 2304 1028 2401 legit,
1045 2324 1085 2380 ut
1099 2305 1217 2407 poesin
1229 2307 1302 2405 ejus
1315 2310 1399 2381 uni·

309 2453 435 2498 versam
462 2424 495 2497 in
522 2423 673 2497 ordinem
694 2422 861 2520 redigeret
888 2454 896 2497 ι
923 2423 969 2497 ita
984 2423 1133 2497 imitatus
1148 2421 1231 2509 suit,
1247 2440 1287 2495 ut
1302 2453 1398 2525 quae-

310 2568 453 2640 cumque
470 2540 503 2620 in
525 2568 564 2614 eo
585 2540 706 2640 partim
720 2539 881 2614 ¹uetustati
898 2540 1004 2636 magis
1027 2540 1264 2629 adscribenda,
1291 2569 1400 2641 quam

311 2676 434 2732 aetemo
452 2687 489 2732 ac
516 2654 770 2759 incomparabili
793 2674 899 2757 poeta
923 2658 1023 2752 genio
1047 2657 1240 2758 judicioque
1258 2678 1398 2746 essent,

311 2776 433 2876 partim
444 2771 697 2873 quaeacriticis,
709 2801 794 2875 quos
806 2772 861 2845 ille
871 2791 922 2846 tot
932 2774 1174 2876 propemodum
1185 2792 1268 2875 quot
1276 2803 1398 2850 versus

312 2888 451 2976 habuit,
468 2915 539 2959 non
558 2904 645 2961 recte
663 2889 836 2962 emendata
851 2904 908 2961 aut
925 2888 1064 2962 infarcta
1079 2905 1209 2976 essent,
1235 2887 1288 2960 vel
1307 2889 1397 2963 vita·

313 3000 453 3092 ret,'vel
471 3003 534 3103 pro
552 3001 714 3096 dignitate
731 3002 844 3077 aeterni
872 3003 991 3105 populi
1018 3005 1190 3105 expressit.
1218 3005 1331 3101 Quem
1357 3007 1397 3079 in

314 3140 406 3224 parte
419 3121 548 3222 operis,
562 3120 598 3192 iu
613 3149 680 3220 quo
698 3120 875 3220 sepissime
887 3121 1052 3218 adsurgit,
1073 3121 1202 3196 curiosa
1214 3120 1325 3196 Flacci
1341 3151 1396 3198 se·

314 3253 391 3310 cuta
408 3253 459 3310 est
477 3233 627 3309 felicitas.
650 3234 836 3308 Restabant
852 3236 962 3309 adhuc
979 3235 1114 3337 reliqua
1132 3236 1288 3323 virtutes,
1309 3263 1396 3336 quas

314 3350 369 3422 vix
386 3351 496 3424 auimo
515 3365 754 3450 conceperant,
773 3348 833 3450 qui
849 3367 985 3424 caeteros
1000 3377 1069 3423 non
1090 3350 1162 3424 siue
1178 3375 1275 3422 eausa
1289 3349 1397 3424 mira-

312 3463 458 3539 bantur:
477 3463 627 3550 facilitas,
648 3464 857 3565 simplicitas,
872 3493 1010 3539 acumen
1022 3521 1031 3551 ,
1045 3492 1083 3538 ac
1095 3463 1269 3551 velocitas;
1284 3465 1397 3566 inpri-

315 3581 380 3686 mis
405 3598 517 3655 autem
534 3580 687 3654 suavitas.
709 3581 796 3676 Qua
814 3582 920 3654 virtus
941 3598 981 3654 ut
995 3598 1046 3654 est
1061 3597 1250 3654 ceterarum
1266 3581 1397 3679 prima,

316 3699 418 3774 itaer
436 3699 489 3772 bis
506 3716 647 3773 constat.
675 3699 761 3794 Quae
782 3698 819 3770 in
843 3695 943 3771 Publ.
966 3696 1092 3772 Ouidio
1110 3699 1265 3785 Nasone,
1280 3699 1399 3799 equite

317 3844 477 3906 romano,
496 3814 585 3890 salva
601 3815 724 3912 lingua
740 3817 901 3916 puritate,
919 3815 999 3890 tales
1009 3833 1089 3889 suut
1102 3833 1278 3904 actantae,
1295 3834 1353 3902 ut,
1366 3819 1398 3892 si

315 3933 458 4011 eliorum
476 3933 638 4026 majestati
657 3933 771 4019 cedat,
792 3931 833 4006 de
849 3961 916 4033 qua
933 3934 968 4005 iu
985 3932 1115 4006 diverso
1132 3960 1251 4028 genere
1270 3962 1315 4008 ne
1336 3963 1397 4008 co·

317 4050 434 4145 gitavit
452 4049 607 4150 quidem,
625 4048 756 4123 nullum
773 4048 917 4150 reperire
932 4051 1063 4149 possis,
1079 4050 1134 4122 cui
1153 4049 1190 4121 in
1205 4051 1303 4151 poesi
1318 4049 1394 4126 loeo

320 4165 422 4240 cedat.
442 4167 508 4253 Et,
525 4165 617 4266 quod
634 4167 739 4261 magis
753 4165 938 4255 admirere,
956 4194 1055 4241 nemo
1078 4165 1109 4241 ei
1132 4184 1199 4240 tam
1223 4164 1395 4242 dissimilis
