3017 5000
383 553 389 581 ,
422 499 520 568 PER
544 503 577 567 J.
604 498 843 567 MASSON.
1112 521 1178 587 ²²9

106 639 215 741 quilius
223 656 340 741 patet,
355 638 526 725 Marcium,
546 640 639 713 Fabii
656 640 797 714 Maximi
811 638 1001 737 conjugem,
1014 666 1036 711 o
1049 637 1174 711 Maxu

107 754 258 857 Philippo,
277 756 335 857 qui
345 755 493 831 Herculis
503 754 669 831 Musarum
679 756 782 831 aedem
793 754 928 843 refecit,
941 752 1171 839 descendisse,

105 872 159 945 sire
173 872 275 947 fuerit
290 870 351 959 ille¹
365 874 500 947 Marciae
515 903 608 960 osus,
630 874 698 949 sive
706 889 808 974 poter.
825 876 914 947 Eum
927 901 1005 947 vero
1022 873 1172 946 Torren-

107 987 161 1061 tius
171 986 298 1089 aliique
313 987 374 1061 viri
392 988 484 1063 docti
499 988 659 1063 adserunt
673 988 776 1063 luisse
793 988 950 1063 Marcion
967 985 1170 1086 Pdtltppum,

105 1101 236 1197 Augusti
250 1102 393 1175 vitn'com
406 1110 427 1174 ¹.
446 1104 623 1176 AtNoster
637 1102 723 1175 clare
736 1102 869 1203 prodit,
882 1116 1085 1186 materterorn,
1099 1127 1172 1173 uon

38 1224 39 1227 ’
104 1215 1167 1318 teromatremAugusti‚nuptamilliusaedisrestitutori'fuisse

104 1334 275 1451 Spbjungit
291 1334 400 1421 enim,
417 1360 499 1407 vers.
516 1332 587 1434 809
604 1353 637 1407 et
655 1332 727 1406 810
743 1364 750 1406 :

252 1482 340 1548 Nupta
350 1478 402 1533 tuit
414 1480 549 1549 quondam
563 1490 698 1535 matertera
711 1480 823 1535 Gestaris
837 1486 878 1535 illi
884 1501 892 1533 .·

288 1569 316 1625 Ο
329 1569 425 1639 decus,
438 1590 454 1624 o
465 1590 538 1627 sacra
549 1571 652 1625 lomina
661 1570 741 1642 digna
753 1571 835 1625 domo
847 1574 854 1624 l

101 1686 185 1761 Unde
211 1686 313 1761 simul
335 1687 536 1785 intelligitur
567 1717 626 1763 eur
661 1690 825 1779 Ovidius,
852 1688 911 1763 lib.
935 1692 951 1763 l
975 1717 1014 1763 ex
1036 1690 1168 1780 Ponto,

100 1802 197 1903 Epist.
209 1803 259 1892 lt,
274 1834 367 1879 suam
380 1804 520 1880 laudons
534 1834 692 1895 uxorem,
708 1806 813 1894 dicat,
830 1835 900 1880 eam
910 1806 1063 1891 Marcio,
1083 1806 1170 1880 sicut

102 1932 128 1989 et
140 1936 214 1992 ante
226 1935 396 1995 materteroe
413 1919 548 1996 Coesoris
566 1919 718 1997 dilectam
733 1920 855 2007 fuisse,
870 1921 921 1995 uti
935 1949 1034 2022 supro
1049 1920 1061 1959 ³
1074 1938 1170 1995 nota-

102 2036 206 2111 vimus.
224 2038 328 2135 Quod
345 2067 464 2141 nempe
482 2040 609 2113 Murcia
624 2057 762 2114 matrem
775 2097 784 2128 ‚
798 2038 851 2112 vel
864 2039 979 2114 saltem
996 2041 1099 2115 aviam
1109 2040 1169 2113 lra-

101 2150 203 2229 huerit
213 2170 405 2229 materteram
422 2156 578 2253 Augusti.
1036 2228 1039 2233 .

143 2272 240 2347 lilius
265 2291 316 2349 est
334 2275 472 2375 insuper
495 2273 612 2363 loeus,
635 2274 691 2348 hic
711 2303 782 2348 non
798 2274 1072 2375 praetereundus,
1100 2302 1169 2375 quo

102 2388 214 2464 Noster
222 2389 360 2477 indicat,
371 2420 464 2465 suam
475 2419 612 2465 uxorem
623 2420 662 2465 er
670 2392 711 2465 F
706 2391 772 2465 abii
775 2392 918 2466 Maximi
926 2392 1168 2477 samitiasuisse,

103 2531 134 2576 ac
145 2507 301 2582 Morctirm
318 2537 528 2610 summopere
543 2507 707 2598 coluisse;
723 2507 850 2584 seilicet
865 2509 924 2587 lib.
945 2512 996 2584 lll
1013 2538 1052 2584 ex
1068 2511 1168 2584 Pout.
1199 2599 1204 2608 ¹

102 2621 202 2722 Epist.
216 2643 230 2696 t
242 2679 252 2713 ,
265 2649 351 2698 vers.
369 2622 482 2724 75-78
496 2655 504 2698 :

256 2771 318 2825 Hoc
330 2773 420 2824 domur·
428 2770 524 2839 debes,
537 2774 568 2824 de
578 2791 629 2840 qua
639 2777 764 2834 censeris,
780 2782 811 2825 ut
819 2771 892 2825 illam

292 2861 355 2915 Non
367 2859 450 2931 magis
462 2861 571 2928 officiis,
583 2881 663 2931 quam
674 2862 819 2932 probitate,
832 2863 908 2918 colas.

264 2950 370 3006 Cuncta
382 2952 444 3006 licet
454 2951 548 3017 facian
561 2953 612 3006 nisi
622 2953 658 3007 ais
667 2953 820 3021 laudabilis,
831 2975 910 3020 uxor,

294 3043 356 3096 Non
371 3043 469 3112 poterit
479 3043 552 3099 credi
565 3046 666 3098 Morcr'a
677 3048 748 3098 culta
758 3045 813 3098 tibi.

147 3159 191 3233 lis
200 3159 405 3251 addendum,
420 3190 528 3238 errare
536 3162 705 3264 Lipsium,
721 3191 826 3263 quum
838 3161 880 3236 ad
892 3163 1045 3237 Tacitum
1058 3183 1170 3254 notat,

105 3273 228 3351 Marciae
242 3277 399 3353 maritum
411 3307 481 3353 esse
497 3277 636 3352 Fabium
651 3275 747 3351 illum
763 3277 959 3364 Morinum,
978 3280 1037 3380 qui
1053 3281 1173 3355 consul

106 3387 164 3464 luit
175 3420 260 3466 auno
272 3393 369 3467 urbis
382 3409 527 3468 DchLll
541 3392 663 3495 (capit.
678 3392 816 3492 nimir.)
831 3395 954 3466 Verum
968 3394 1069 3493 hujus
1081 3394 1172 3471 lilius

102 3595 215 3654 moun
235 3589 297 3644 huic
311 3589 409 3660 templo
429 3589 583 3660 adiunctam
597 3610 612 3642 a
625 3593 727 3643 Marcel»
744 3592 876 3658 Phr'lmpo,
898 3609 947 3660 pro
963 3608 1056 3657 ruore,
1075 3590 1173 3647 fuisse:

107 3693 120 3718 ι
132 3673 213 3742 Vites,
225 3695 320 3731 oenseo
330 3715 338 3740 ,
348 3681 473 3744 portr'currr
484 3678 614 3744 Phihppi:
625 3675 655 3729 si
662 3684 694 3728 ‚te
706 3673 801 3728 viderit
809 3678 945 3735 Hercules,
961 3677 1059 3745 peristi.
1066 3699 1080 3724 υ
1095 3677 1173 3733 Adde

106 3756 347 3892 Plffllmbllxxv,
360 3779 414 3830 cap.
429 3777 459 3812 ro
472 3778 479 3812 ι
492 3781 505 3805 o
515 3756 638 3814 zeuxidis
651 3775 733 3812 manu
746 3759 840 3813 Romo
851 3759 957 3814 Helena
969 3770 1008 3814 est
1018 3760 1047 3828 in
1060 3761 1175 3834 Philippi

107 3842 121 3867 ι
187 3844 216 3878 ro
236 3845 273 3881 us.
287 3847 301 3872 ¹>

107 3915 202 4050 „inne
212 3935 264 3986 quo
277 3917 390 3972 Straton.
401 3917 444 3971 lib.
464 3918 509 3984 ll,
522 3937 577 3988 cap.
589 3919 621 3985 8,
635 3915 721 3986 utqui
733 3928 792 3987 post
806 3915 871 3970 Julii
883 3917 1099 3978 casarisnooem
1111 3937 1176 3974 soo-

171 4003 193 4052 t's
204 4010 278 4054 suet.

139 4089 150 4118 ²
164 4087 233 4144 ldem
244 4091 350 4146 videtur
358 4071 393 4146 1³⁶
406 4091 464 4157 ille,
485 4091 531 4161 qui
554 4093 680 4145 Trr'bruus
693 4093 778 4159 plebis
794 4083 872 4145 initio
890 4091 957 4145 Belli
978 4090 1070 4145 Civilis
1091 4091 1175 4145 Poro-

109 4171 203 4240 petant:
215 4174 280 4232 Caes.
293 4177 327 4232 do
341 4175 407 4232 Bell
422 4175 482 4231 civ.
495 4177 539 4231 tit.
552 4177 574 4232 l.

141 4260 152 4294 ³
166 4265 222 4338 Peg.
235 4271 290 4322 1²5.
