<?xml version="1.0" encoding="UTF-8"?>
<!DOCTYPE html PUBLIC "-//W3C//DTD XHTML 1.0 Transitional//EN"
    "http://www.w3.org/TR/xhtml1/DTD/xhtml1-transitional.dtd">
<html xmlns="http://www.w3.org/1999/xhtml" xml:lang="en" lang="en">
 <head>
  <title>
</title>
<meta http-equiv="Content-Type" content="text/html;charset=utf-8" />
  <meta name='ocr-system' content='tesseract 3.04.00' />
  <meta name='ocr-capabilities' content='ocr_page ocr_carea ocr_par ocr_line ocrx_word'/>
</head>
<body>
  <div class='ocr_page' id='page_1' title='image "./publiiovidiinas01unkngoog/publiiovidiinas01unkngoog_0316.png"; bbox 0 0 3017 5000; ppageno 0'>
   <div class='ocr_carea' id='block_1_1' title="bbox 385 501 1158 572">
    <p class='ocr_par' dir='ltr' id='par_1_1' title="bbox 385 501 1158 572">
     <span class='ocr_line' id='line_1_1' title="bbox 385 501 1158 572; baseline -0.001 -2"><span class='ocrx_word' id='word_1_1' title='bbox 385 505 453 570; x_wconf 84' lang='grc' dir='ltr'><strong>ΕΤ</strong></span> <span class='ocrx_word' id='word_1_2' title='bbox 478 501 860 572; x_wconf 74' lang='lat' dir='ltr'><strong>PRAEFATIONES.</strong></span> <span class='ocrx_word' id='word_1_3' title='bbox 1092 503 1158 569; x_wconf 78' lang='lat'><strong>305</strong></span> 
     </span>
    </p>
   </div>
   <div class='ocr_carea' id='block_1_2' title="bbox 38 640 1272 1559">
    <p class='ocr_par' dir='ltr' id='par_1_2' title="bbox 38 640 1272 1559">
     <span class='ocr_line' id='line_1_2' title="bbox 92 640 1272 746; baseline -0.002 -26"><span class='ocrx_word' id='word_1_4' title='bbox 92 645 254 746; x_wconf 69' lang='lat' dir='ltr'><strong>graphia,</strong></span> <span class='ocrx_word' id='word_1_5' title='bbox 275 657 310 716; x_wconf 85' lang='lat' dir='ltr'><strong>et</strong></span> <span class='ocrx_word' id='word_1_6' title='bbox 325 640 534 740; x_wconf 72' lang='lat' dir='ltr'><strong>astrologia,</strong></span> <span class='ocrx_word' id='word_1_7' title='bbox 564 659 597 716; x_wconf 93' lang='lat' dir='ltr'><strong>et</strong></span> <span class='ocrx_word' id='word_1_8' title='bbox 611 642 761 731; x_wconf 83' lang='lat' dir='ltr'><strong>musica,</strong></span> <span class='ocrx_word' id='word_1_9' title='bbox 785 659 819 715; x_wconf 87' lang='lat' dir='ltr'><strong>et</strong></span> <span class='ocrx_word' id='word_1_10' title='bbox 837 641 918 716; x_wconf 90' lang='lat' dir='ltr'><strong>artis</strong></span> <span class='ocrx_word' id='word_1_11' title='bbox 940 643 1111 733; x_wconf 74' lang='lat' dir='ltr'><strong>oratoriae,</strong></span> <span class='ocrx_word' id='word_1_12' title='bbox 1129 661 1164 718; x_wconf 89' lang='lat' dir='ltr'><strong>et</strong></span> <span class='ocrx_word' id='word_1_13' title='bbox 1269 641 1272 646; x_wconf 63' lang='grc'><strong>’</strong></span> 
     </span>
     <span class='ocr_line' id='line_1_3' title="bbox 38 747 1164 863; baseline -0.003 -24"><span class='ocrx_word' id='word_1_14' title='bbox 38 747 41 760; x_wconf 55' lang='grc'><strong>’</strong></span> <span class='ocrx_word' id='word_1_15' title='bbox 92 760 221 839; x_wconf 85' lang='lat' dir='ltr'><strong>moralis</strong></span> <span class='ocrx_word' id='word_1_16' title='bbox 236 759 465 862; x_wconf 85' lang='lat' dir='ltr'><strong>naturalisque</strong></span> <span class='ocrx_word' id='word_1_17' title='bbox 479 759 705 863; x_wconf 83' lang='lat' dir='ltr'><strong>philosophia</strong></span> <span class='ocrx_word' id='word_1_18' title='bbox 722 761 809 834; x_wconf 87' lang='lat' dir='ltr'><strong>ratio</strong></span> <span class='ocrx_word' id='word_1_19' title='bbox 827 760 1037 861; x_wconf 80' lang='lat' dir='ltr'>exprimitur,</span> <span class='ocrx_word' id='word_1_20' title='bbox 1055 779 1095 836; x_wconf 92' lang='lat' dir='ltr'><strong>ut</strong></span> <span class='ocrx_word' id='word_1_21' title='bbox 1108 763 1164 838; x_wconf 86' lang='lat' dir='ltr'><strong>cui</strong></span> 
     </span>
     <span class='ocr_line' id='line_1_4' title="bbox 95 872 1162 977; baseline -0.002 -25"><span class='ocrx_word' id='word_1_22' title='bbox 95 876 203 952; x_wconf 83' lang='lat' dir='ltr'><strong>Ovidii</strong></span> <span class='ocrx_word' id='word_1_23' title='bbox 225 874 511 977; x_wconf 76' lang='lat' dir='ltr'><strong>Metamorphosis</strong></span> <span class='ocrx_word' id='word_1_24' title='bbox 532 875 617 949; x_wconf 89' lang='lat' dir='ltr'><strong>hene</strong></span> <span class='ocrx_word' id='word_1_25' title='bbox 642 892 798 976; x_wconf 90' lang='lat' dir='ltr'><strong>percepta</strong></span> <span class='ocrx_word' id='word_1_26' title='bbox 818 872 880 962; x_wconf 88' lang='lat' dir='ltr'><strong>sit,</strong></span> <span class='ocrx_word' id='word_1_27' title='bbox 907 874 1099 950; x_wconf 80' lang='lat' dir='ltr'><strong>facillimum</strong></span> <span class='ocrx_word' id='word_1_28' title='bbox 1119 875 1162 950; x_wconf 92' lang='lat' dir='ltr'><strong>ad</strong></span> 
     </span>
     <span class='ocr_line' id='line_1_5' title="bbox 95 990 1163 1094; baseline 0 -26"><span class='ocrx_word' id='word_1_29' title='bbox 95 1022 202 1068; x_wconf 89' lang='lat' dir='ltr'><strong>omncs</strong></span> <span class='ocrx_word' id='word_1_30' title='bbox 225 990 418 1094; x_wconf 88' lang='lat' dir='ltr'><strong>disciplinas</strong></span> <span class='ocrx_word' id='word_1_31' title='bbox 443 991 571 1066; x_wconf 88' lang='lat' dir='ltr'><strong>aditum</strong></span> <span class='ocrx_word' id='word_1_32' title='bbox 601 991 805 1080; x_wconf 84' lang='lat' dir='ltr'><strong>habiturus,</strong></span> <span class='ocrx_word' id='word_1_33' title='bbox 825 1019 934 1093; x_wconf 87' lang='lat' dir='ltr'><strong>neque</strong></span> <span class='ocrx_word' id='word_1_34' title='bbox 960 991 1163 1068; x_wconf 83' lang='lat' dir='ltr'><strong>difficultatis</strong></span> 
     </span>
     <span class='ocr_line' id='line_1_6' title="bbox 96 1105 1163 1211; baseline 0.002 -29"><span class='ocrx_word' id='word_1_35' title='bbox 96 1109 269 1211; x_wconf 82' lang='lat' dir='ltr'><strong>quicquam</strong></span> <span class='ocrx_word' id='word_1_36' title='bbox 285 1109 320 1182; x_wconf 92' lang='lat' dir='ltr'><strong>in</strong></span> <span class='ocrx_word' id='word_1_37' title='bbox 336 1106 409 1183; x_wconf 89' lang='lat' dir='ltr'><strong>ullo</strong></span> <span class='ocrx_word' id='word_1_38' title='bbox 422 1105 490 1182; x_wconf 81' lang='lat' dir='ltr'><strong>lere</strong></span> <span class='ocrx_word' id='word_1_39' title='bbox 507 1108 714 1209; x_wconf 88' lang='lat' dir='ltr'><strong>poeticorum</strong></span> <span class='ocrx_word' id='word_1_40' title='bbox 731 1136 869 1211; x_wconf 86' lang='lat' dir='ltr'><strong>operum</strong></span> <span class='ocrx_word' id='word_1_41' title='bbox 886 1109 1081 1183; x_wconf 74' lang='lat' dir='ltr'>inventurus</span> <span class='ocrx_word' id='word_1_42' title='bbox 1093 1137 1163 1184; x_wconf 88' lang='lat' dir='ltr'><strong>esse</strong></span> 
     </span>
     <span class='ocr_line' id='line_1_7' title="bbox 95 1224 1164 1329; baseline -0.002 -27"><span class='ocrx_word' id='word_1_43' title='bbox 95 1228 247 1302; x_wconf 84' lang='lat' dir='ltr'><strong>rideatur.</strong></span> <span class='ocrx_word' id='word_1_44' title='bbox 266 1225 441 1327; x_wconf 83' lang='lat' dir='ltr'><strong>Quicquid</strong></span> <span class='ocrx_word' id='word_1_45' title='bbox 457 1226 543 1300; x_wconf 91' lang='lat' dir='ltr'><strong>enim</strong></span> <span class='ocrx_word' id='word_1_46' title='bbox 560 1224 708 1326; x_wconf 75' lang='lat' dir='ltr'><strong>preclari</strong></span> <span class='ocrx_word' id='word_1_47' title='bbox 725 1228 889 1316; x_wconf 82' lang='lat' dir='ltr'><strong>Musaeus,</strong></span> <span class='ocrx_word' id='word_1_48' title='bbox 910 1227 1086 1329; x_wconf 90' lang='lat' dir='ltr'><strong>Orpheus,</strong></span> <span class='ocrx_word' id='word_1_49' title='bbox 1104 1228 1164 1300; x_wconf 82' lang='lat' dir='ltr'><strong>Li·</strong></span> 
     </span>
     <span class='ocr_line' id='line_1_8' title="bbox 96 1340 1166 1444; baseline -0.003 -25"><span class='ocrx_word' id='word_1_50' title='bbox 96 1373 170 1432; x_wconf 88' lang='lat' dir='ltr'><strong>uus,</strong></span> <span class='ocrx_word' id='word_1_51' title='bbox 188 1345 378 1431; x_wconf 81' lang='lat' dir='ltr'><strong>Homerus,</strong></span> <span class='ocrx_word' id='word_1_52' title='bbox 401 1343 577 1444; x_wconf 80' lang='lat' dir='ltr'><strong>Tyrtaus,</strong></span> <span class='ocrx_word' id='word_1_53' title='bbox 595 1340 787 1429; x_wconf 83' lang='lat' dir='ltr'><strong>Hesiodus,</strong></span> <span class='ocrx_word' id='word_1_54' title='bbox 805 1342 995 1442; x_wconf 89' lang='lat' dir='ltr'><strong>Panysius,</strong></span> <span class='ocrx_word' id='word_1_55' title='bbox 1012 1343 1166 1416; x_wconf 86' lang='lat' dir='ltr'><strong>Antima-</strong></span> 
     </span>
     <span class='ocr_line' id='line_1_9' title="bbox 97 1455 1164 1559; baseline -0.002 -25"><span class='ocrx_word' id='word_1_56' title='bbox 97 1459 191 1548; x_wconf 88' lang='lat' dir='ltr'><strong>chus,</strong></span> <span class='ocrx_word' id='word_1_57' title='bbox 214 1459 357 1544; x_wconf 77' lang='lat' dir='ltr'><strong>Aratus,</strong></span> <span class='ocrx_word' id='word_1_58' title='bbox 380 1455 580 1544; x_wconf 85' lang='lat' dir='ltr'><strong>Pisandros,</strong></span> <span class='ocrx_word' id='word_1_59' title='bbox 608 1457 791 1545; x_wconf 81' lang='lat' dir='ltr'><strong>Nicander,</strong></span> <span class='ocrx_word' id='word_1_60' title='bbox 811 1457 1031 1559; x_wconf 87' lang='lat' dir='ltr'><strong>Euphorion,</strong></span> <span class='ocrx_word' id='word_1_61' title='bbox 1049 1459 1164 1532; x_wconf 82' lang='lat' dir='ltr'><strong>&#39;l&#39;hco-</strong></span> 
     </span>
    </p>
   </div>
   <div class='ocr_carea' id='block_1_3' title="bbox 99 1573 1287 1677">
    <p class='ocr_par' dir='ltr' id='par_1_3' title="bbox 99 1573 1287 1677">
     <span class='ocr_line' id='line_1_10' title="bbox 99 1573 1287 1677; baseline -0.003 -23"><span class='ocrx_word' id='word_1_62' title='bbox 99 1577 209 1664; x_wconf 78' lang='lat' dir='ltr'><strong>uitus,</strong></span> <span class='ocrx_word' id='word_1_63' title='bbox 225 1573 430 1677; x_wconf 88' lang='lat' dir='ltr'><strong>Apollonius</strong></span> <span class='ocrx_word' id='word_1_64' title='bbox 449 1575 507 1676; x_wconf 91' lang='lat' dir='ltr'><strong>qui</strong></span> <span class='ocrx_word' id='word_1_65' title='bbox 515 1575 741 1670; x_wconf 83' lang='lat' dir='ltr'><strong>Argonautica</strong></span> <span class='ocrx_word' id='word_1_66' title='bbox 752 1577 904 1676; x_wconf 78' lang='lat' dir='ltr'><strong>scripsit,</strong></span> <span class='ocrx_word' id='word_1_67' title='bbox 924 1574 1166 1665; x_wconf 84' lang='lat' dir='ltr'><strong>Callimachus,</strong></span> <span class='ocrx_word' id='word_1_68' title='bbox 1281 1611 1287 1620; x_wconf 94' lang='lat'>·</span> 
     </span>
    </p>
   </div>
   <div class='ocr_carea' id='block_1_4' title="bbox 86 1688 1172 2722">
    <p class='ocr_par' dir='ltr' id='par_1_4' title="bbox 86 1688 1172 2722">
     <span class='ocr_line' id='line_1_11' title="bbox 99 1688 1168 1782; baseline -0.003 -15"><span class='ocrx_word' id='word_1_69' title='bbox 99 1691 256 1782; x_wconf 84' lang='lat' dir='ltr'><strong>Philetas,</strong></span> <span class='ocrx_word' id='word_1_70' title='bbox 267 1689 504 1778; x_wconf 83' lang='lat' dir='ltr'><strong>Mimnermus,</strong></span> <span class='ocrx_word' id='word_1_71' title='bbox 516 1688 698 1780; x_wconf 86' lang='lat' dir='ltr'><strong>Pindarus,</strong></span> <span class='ocrx_word' id='word_1_72' title='bbox 713 1691 943 1778; x_wconf 77' lang='lat' dir='ltr'><strong>Stesichorus,</strong></span> <span class='ocrx_word' id='word_1_73' title='bbox 955 1689 1101 1779; x_wconf 79' lang='lat' dir='ltr'><strong>Alcaus,</strong></span> <span class='ocrx_word' id='word_1_74' title='bbox 1114 1691 1168 1764; x_wconf 87' lang='lat' dir='ltr'><strong>si-</strong></span> 
     </span>
     <span class='ocr_line' id='line_1_12' title="bbox 101 1803 1168 1908; baseline -0.002 -26"><span class='ocrx_word' id='word_1_75' title='bbox 101 1809 266 1896; x_wconf 89' lang='lat' dir='ltr'><strong>monides,</strong></span> <span class='ocrx_word' id='word_1_76' title='bbox 284 1806 425 1908; x_wconf 87' lang='lat' dir='ltr'><strong>lhycus,</strong></span> <span class='ocrx_word' id='word_1_77' title='bbox 443 1803 676 1907; x_wconf 81' lang='lat' dir='ltr'><strong>Bacchylides,</strong></span> <span class='ocrx_word' id='word_1_78' title='bbox 693 1807 883 1895; x_wconf 85' lang='lat' dir='ltr'><strong>Anacreon,</strong></span> <span class='ocrx_word' id='word_1_79' title='bbox 901 1804 1060 1895; x_wconf 85' lang='lat' dir='ltr'><strong>Alcman,</strong></span> <span class='ocrx_word' id='word_1_80' title='bbox 1081 1806 1168 1908; x_wconf 86' lang='lat' dir='ltr'><strong>Sap-</strong></span> 
     </span>
     <span class='ocr_line' id='line_1_13' title="bbox 103 1921 1170 2029; baseline -0.006 -27"><span class='ocrx_word' id='word_1_81' title='bbox 103 1928 181 2029; x_wconf 90' lang='lat' dir='ltr'><strong>pho,</strong></span> <span class='ocrx_word' id='word_1_82' title='bbox 199 1927 376 2026; x_wconf 85' lang='lat' dir='ltr'><strong>Corynna,</strong></span> <span class='ocrx_word' id='word_1_83' title='bbox 391 1921 633 2011; x_wconf 85' lang='lat' dir='ltr'><strong>Archilochus,</strong></span> <span class='ocrx_word' id='word_1_84' title='bbox 650 1925 816 2012; x_wconf 82' lang='lat' dir='ltr'><strong>Ananias,</strong></span> <span class='ocrx_word' id='word_1_85' title='bbox 831 1924 1031 2026; x_wconf 84' lang='lat' dir='ltr'><strong>Hipponax,</strong></span> <span class='ocrx_word' id='word_1_86' title='bbox 1045 1925 1170 2011; x_wconf 86' lang='lat' dir='ltr'><strong>Arion,</strong></span> 
     </span>
     <span class='ocr_line' id='line_1_14' title="bbox 102 2037 1170 2146; baseline -0.004 -28"><span class='ocrx_word' id='word_1_87' title='bbox 102 2043 260 2146; x_wconf 78' lang='lat' dir='ltr'><strong>Thespis,</strong></span> <span class='ocrx_word' id='word_1_88' title='bbox 279 2041 511 2141; x_wconf 76' lang='lat' dir='ltr'><strong>Phrynichus,</strong></span> <span class='ocrx_word' id='word_1_89' title='bbox 527 2037 728 2141; x_wconf 86' lang='lat' dir='ltr'><strong>AEschylns,</strong></span> <span class='ocrx_word' id='word_1_90' title='bbox 746 2038 952 2144; x_wconf 83' lang='lat' dir='ltr'><strong>Sophocles,</strong></span> <span class='ocrx_word' id='word_1_91' title='bbox 969 2041 1170 2142; x_wconf 83' lang='lat' dir='ltr'><strong>Euripides,</strong></span> 
     </span>
     <span class='ocr_line' id='line_1_15' title="bbox 104 2141 1172 2257; baseline -0.003 -25"><span class='ocrx_word' id='word_1_92' title='bbox 104 2159 175 2249; x_wconf 86' lang='lat' dir='ltr'><strong>lon&#39;,</strong></span> <span class='ocrx_word' id='word_1_93' title='bbox 191 2157 342 2246; x_wconf 77' lang='lat' dir='ltr'><strong>Atheus,</strong></span> <span class='ocrx_word' id='word_1_94' title='bbox 357 2141 530 2244; x_wconf 75' lang='lat' dir='ltr'><strong>Chatinus,</strong></span> <span class='ocrx_word' id='word_1_95' title='bbox 546 2152 704 2256; x_wconf 85' lang='lat' dir='ltr'><strong>Eupolis,</strong></span> <span class='ocrx_word' id='word_1_96' title='bbox 718 2153 953 2243; x_wconf 79' lang='lat' dir='ltr'><strong>Pherecrates,</strong></span> <span class='ocrx_word' id='word_1_97' title='bbox 970 2153 1172 2257; x_wconf 89' lang='lat' dir='ltr'><strong>Aristopha-</strong></span> 
     </span>
     <span class='ocr_line' id='line_1_16' title="bbox 105 2268 1171 2374; baseline -0.002 -24"><span class='ocrx_word' id='word_1_98' title='bbox 105 2301 173 2363; x_wconf 86' lang='lat' dir='ltr'><strong>nes,</strong></span> <span class='ocrx_word' id='word_1_99' title='bbox 190 2272 377 2350; x_wconf 77' lang='lat' dir='ltr'><strong>Menander</strong></span> <span class='ocrx_word' id='word_1_100' title='bbox 388 2269 615 2374; x_wconf 34' lang='lat' dir='ltr'><strong>,lPhilcmon,</strong></span> <span class='ocrx_word' id='word_1_101' title='bbox 632 2268 831 2358; x_wconf 85' lang='lat' dir='ltr'><strong>Philistion,</strong></span> <span class='ocrx_word' id='word_1_102' title='bbox 852 2271 1078 2374; x_wconf 86' lang='lat' dir='ltr'><strong>Pherecydes,</strong></span> <span class='ocrx_word' id='word_1_103' title='bbox 1102 2275 1171 2348; x_wconf 84' lang='lat' dir='ltr'><strong>Hc-</strong></span> 
     </span>
     <span class='ocr_line' id='line_1_17' title="bbox 106 2384 1172 2489; baseline -0.002 -25"><span class='ocrx_word' id='word_1_104' title='bbox 106 2387 254 2478; x_wconf 88' lang='lat' dir='ltr'><strong>rodotus,</strong></span> <span class='ocrx_word' id='word_1_105' title='bbox 271 2385 463 2474; x_wconf 88' lang='lat' dir='ltr'><strong>Diodorus,</strong></span> <span class='ocrx_word' id='word_1_106' title='bbox 480 2384 600 2488; x_wconf 88' lang='lat' dir='ltr'><strong>aliique</strong></span> <span class='ocrx_word' id='word_1_107' title='bbox 616 2387 717 2488; x_wconf 92' lang='lat' dir='ltr'><strong>prisci</strong></span> <span class='ocrx_word' id='word_1_108' title='bbox 734 2405 768 2462; x_wconf 87' lang='lat' dir='ltr'><strong>et</strong></span> <span class='ocrx_word' id='word_1_109' title='bbox 782 2405 889 2489; x_wconf 86' lang='lat' dir='ltr'><strong>poetae</strong></span> <span class='ocrx_word' id='word_1_110' title='bbox 904 2405 938 2461; x_wconf 90' lang='lat' dir='ltr'><strong>et</strong></span> <span class='ocrx_word' id='word_1_111' title='bbox 956 2387 1108 2464; x_wconf 87' lang='lat' dir='ltr'><strong>historici</strong></span> <span class='ocrx_word' id='word_1_112' title='bbox 1128 2386 1172 2462; x_wconf 90' lang='lat' dir='ltr'><strong>li·</strong></span> 
     </span>
     <span class='ocr_line' id='line_1_18' title="bbox 86 2500 1172 2589; baseline -0.003 -10"><span class='ocrx_word' id='word_1_113' title='bbox 86 2516 239 2579; x_wconf 87' lang='lat' dir='ltr'><strong>‘terarnm</strong></span> <span class='ocrx_word' id='word_1_114' title='bbox 257 2500 483 2578; x_wconf 85' lang='lat' dir='ltr'><strong>monumentis</strong></span> <span class='ocrx_word' id='word_1_115' title='bbox 500 2501 790 2589; x_wconf 80' lang='lat' dir='ltr'><strong>commendarunt;</strong></span> <span class='ocrx_word' id='word_1_116' title='bbox 810 2502 845 2575; x_wconf 91' lang='lat' dir='ltr'><strong>id</strong></span> <span class='ocrx_word' id='word_1_117' title='bbox 862 2530 959 2577; x_wconf 90' lang='lat' dir='ltr'><strong>omne</strong></span> <span class='ocrx_word' id='word_1_118' title='bbox 976 2502 1120 2579; x_wconf 82' lang='lat' dir='ltr'><strong>Ovidius</strong></span> <span class='ocrx_word' id='word_1_119' title='bbox 1136 2502 1172 2576; x_wconf 92' lang='lat' dir='ltr'><strong>in</strong></span> 
     </span>
     <span class='ocr_line' id='line_1_19' title="bbox 107 2617 958 2722; baseline -0.006 -23"><span class='ocrx_word' id='word_1_120' title='bbox 107 2649 192 2699; x_wconf 83' lang='lat' dir='ltr'><strong>suam</strong></span> <span class='ocrx_word' id='word_1_121' title='bbox 207 2620 499 2722; x_wconf 84' lang='lat' dir='ltr'><strong>Metamorphosin</strong></span> <span class='ocrx_word' id='word_1_122' title='bbox 517 2617 728 2695; x_wconf 87' lang='lat' dir='ltr'><strong>transtulisse</strong></span> <span class='ocrx_word' id='word_1_123' title='bbox 741 2620 871 2695; x_wconf 82' lang='lat' dir='ltr'><strong>videtur</strong></span> <span class='ocrx_word' id='word_1_124' title='bbox 872 2675 958 2694; x_wconf 89' lang='grc'><strong>.....</strong></span> 
     </span>
    </p>
   </div>
   <div class='ocr_carea' id='block_1_5' title="bbox 201 2924 1067 3044">
    <p class='ocr_par' dir='ltr' id='par_1_5' title="bbox 201 2924 1067 3044">
     <span class='ocr_line' id='line_1_20' title="bbox 201 2924 1067 3044; baseline -0.005 -1"><span class='ocrx_word' id='word_1_125' title='bbox 201 2924 444 3044; x_wconf 68' lang='grc' dir='ltr'><strong>ΗΕΝΜεϊ</strong></span> <span class='ocrx_word' id='word_1_126' title='bbox 461 2966 741 3041; x_wconf 80' lang='lat' dir='ltr'><strong>anannanr</strong></span> <span class='ocrx_word' id='word_1_127' title='bbox 766 2964 1067 3041; x_wconf 81' lang='lat' dir='ltr'><strong>nsnrcarro</strong></span> 
     </span>
    </p>
   </div>
   <div class='ocr_carea' id='block_1_6' title="bbox 361 3106 898 3217">
    <p class='ocr_par' dir='ltr' id='par_1_6' title="bbox 361 3106 898 3217">
     <span class='ocr_line' id='line_1_21' title="bbox 361 3106 898 3217; baseline -0.004 -24"><span class='ocrx_word' id='word_1_128' title='bbox 361 3122 473 3193; x_wconf 76' lang='lat' dir='ltr'><strong>anus</strong></span> <span class='ocrx_word' id='word_1_129' title='bbox 499 3106 898 3217; x_wconf 79' lang='lat' dir='ltr'><strong>rraranonrnosis,</strong></span> 
     </span>
    </p>
   </div>
   <div class='ocr_carea' id='block_1_7' title="bbox 495 3316 778 3369">
    <p class='ocr_par' dir='ltr' id='par_1_7' title="bbox 495 3316 778 3369">
     <span class='ocr_line' id='line_1_22' title="bbox 495 3316 778 3369; baseline -0.007 -11"><span class='ocrx_word' id='word_1_130' title='bbox 495 3318 622 3359; x_wconf 83' lang='lat' dir='ltr'><strong>nunsrsa</strong></span> <span class='ocrx_word' id='word_1_131' title='bbox 637 3316 778 3369; x_wconf 76' lang='lat' dir='ltr'><strong>massar,</strong></span> 
     </span>
    </p>
   </div>
   <div class='ocr_carea' id='block_1_8' title="bbox 128 3466 1154 3539">
    <p class='ocr_par' dir='ltr' id='par_1_8' title="bbox 128 3466 1154 3539">
     <span class='ocr_line' id='line_1_23' title="bbox 128 3466 1154 3539; baseline -0.001 -1"><span class='ocrx_word' id='word_1_132' title='bbox 128 3470 425 3538; x_wconf 78' lang='lat' dir='ltr'>1).POPPON1</span> <span class='ocrx_word' id='word_1_133' title='bbox 460 3468 664 3536; x_wconf 86' lang='lat' dir='ltr'><strong>COMITI</strong></span> <span class='ocrx_word' id='word_1_134' title='bbox 695 3470 760 3534; x_wconf 87' lang='lat' dir='ltr'><strong>AB</strong></span> <span class='ocrx_word' id='word_1_135' title='bbox 786 3466 1154 3539; x_wconf 76' lang='lat' dir='ltr'><strong>HENNENBERG.</strong></span> 
     </span>
    </p>
   </div>
   <div class='ocr_carea' id='block_1_9' title="bbox 60 3652 1178 4429">
    <p class='ocr_par' dir='ltr' id='par_1_9' title="bbox 60 3652 1178 4429">
     <span class='ocr_line' id='line_1_24' title="bbox 160 3652 1174 3763; baseline 0.007 -34"><span class='ocrx_word' id='word_1_136' title='bbox 160 3658 417 3733; x_wconf 68' lang='lat' dir='ltr'><strong>Sssstttttttttao</strong></span> <span class='ocrx_word' id='word_1_137' title='bbox 434 3684 562 3730; x_wconf 90' lang='lat' dir='ltr'><strong>mecum</strong></span> <span class='ocrx_word' id='word_1_138' title='bbox 579 3655 692 3729; x_wconf 88' lang='lat' dir='ltr'><strong>mirari</strong></span> <span class='ocrx_word' id='word_1_139' title='bbox 711 3654 823 3744; x_wconf 93' lang='lat' dir='ltr'><strong>soleo,</strong></span> <span class='ocrx_word' id='word_1_140' title='bbox 846 3652 987 3729; x_wconf 82' lang='lat' dir='ltr'><strong>illustris</strong></span> <span class='ocrx_word' id='word_1_141' title='bbox 1000 3658 1174 3763; x_wconf 83' lang='lat' dir='ltr'><strong>princeps,</strong></span> 
     </span>
     <span class='ocr_line' id='line_1_25' title="bbox 117 3764 1177 3861; baseline 0.007 -18"><span class='ocrx_word' id='word_1_142' title='bbox 117 3771 240 3847; x_wconf 83' lang='lat' dir='ltr'><strong>unicum</strong></span> <span class='ocrx_word' id='word_1_143' title='bbox 257 3790 381 3847; x_wconf 70' lang='lat' dir='ltr'><strong>nosne</strong></span> <span class='ocrx_word' id='word_1_144' title='bbox 398 3772 502 3845; x_wconf 81' lang='lat' dir='ltr'><strong>aetatis</strong></span> <span class='ocrx_word' id='word_1_145' title='bbox 520 3770 640 3859; x_wconf 88' lang='lat' dir='ltr'><strong>decus,</strong></span> <span class='ocrx_word' id='word_1_146' title='bbox 663 3786 830 3845; x_wconf 85' lang='lat' dir='ltr'><strong>naturane</strong></span> <span class='ocrx_word' id='word_1_147' title='bbox 847 3764 991 3859; x_wconf 86' lang='lat' dir='ltr'><strong>malitia,</strong></span> <span class='ocrx_word' id='word_1_148' title='bbox 1009 3800 1050 3844; x_wconf 93' lang='lat' dir='ltr'><strong>an</strong></span> <span class='ocrx_word' id='word_1_149' title='bbox 1068 3774 1177 3861; x_wconf 83' lang='lat' dir='ltr'><strong>homi-</strong></span> 
     </span>
     <span class='ocr_line' id='line_1_26' title="bbox 116 3887 1177 3989; baseline 0.005 -26"><span class='ocrx_word' id='word_1_150' title='bbox 116 3889 189 3963; x_wconf 88' lang='lat' dir='ltr'><strong>hum</strong></span> <span class='ocrx_word' id='word_1_151' title='bbox 211 3890 311 3966; x_wconf 87' lang='lat' dir='ltr'><strong>ascita</strong></span> <span class='ocrx_word' id='word_1_152' title='bbox 335 3887 516 3989; x_wconf 89' lang='lat' dir='ltr'><strong>petulantia</strong></span> <span class='ocrx_word' id='word_1_153' title='bbox 538 3888 615 3977; x_wconf 90' lang='lat' dir='ltr'><strong>fiat,</strong></span> <span class='ocrx_word' id='word_1_154' title='bbox 640 3905 678 3963; x_wconf 88' lang='lat' dir='ltr'><strong>ut</strong></span> <span class='ocrx_word' id='word_1_155' title='bbox 693 3887 778 3961; x_wconf 91' lang='lat' dir='ltr'><strong>nihil</strong></span> <span class='ocrx_word' id='word_1_156' title='bbox 803 3906 869 3962; x_wconf 92' lang='lat' dir='ltr'><strong>tam</strong></span> <span class='ocrx_word' id='word_1_157' title='bbox 887 3887 989 3976; x_wconf 87' lang='lat' dir='ltr'><strong>hene,</strong></span> <span class='ocrx_word' id='word_1_158' title='bbox 1007 3889 1092 3963; x_wconf 92' lang='lat' dir='ltr'><strong>nihil</strong></span> <span class='ocrx_word' id='word_1_159' title='bbox 1110 3911 1177 3969; x_wconf 84' lang='lat' dir='ltr'><strong>tarn</strong></span> 
     </span>
     <span class='ocr_line' id='line_1_27' title="bbox 118 4002 1178 4110; baseline 0.002 -33"><span class='ocrx_word' id='word_1_160' title='bbox 118 4002 247 4081; x_wconf 77' lang='lat' dir='ltr'><strong>feliciter</strong></span> <span class='ocrx_word' id='word_1_161' title='bbox 261 4022 437 4093; x_wconf 88' lang='lat' dir='ltr'><strong>nascatur,</strong></span> <span class='ocrx_word' id='word_1_162' title='bbox 457 4004 547 4105; x_wconf 89' lang='lat' dir='ltr'><strong>qnod</strong></span> <span class='ocrx_word' id='word_1_163' title='bbox 570 4032 638 4077; x_wconf 93' lang='lat' dir='ltr'><strong>non</strong></span> <span class='ocrx_word' id='word_1_164' title='bbox 665 4004 883 4105; x_wconf 88' lang='lat' dir='ltr'><strong>quorumdam</strong></span> <span class='ocrx_word' id='word_1_165' title='bbox 906 4003 1103 4085; x_wconf 76' lang='lat' dir='ltr'><strong>cavillationi</strong></span> <span class='ocrx_word' id='word_1_166' title='bbox 1119 4039 1178 4110; x_wconf 83' lang='lat' dir='ltr'><strong>pa-</strong></span> 
     </span>
     <span class='ocr_line' id='line_1_28' title="bbox 122 4118 1177 4225; baseline 0.004 -30"><span class='ocrx_word' id='word_1_167' title='bbox 122 4134 189 4195; x_wconf 79' lang='lat' dir='ltr'><strong>teat</strong></span> <span class='ocrx_word' id='word_1_168' title='bbox 202 4120 303 4220; x_wconf 85' lang='lat' dir='ltr'><strong>Quod</strong></span> <span class='ocrx_word' id='word_1_169' title='bbox 318 4119 401 4195; x_wconf 87' lang='lat' dir='ltr'><strong>adeo</strong></span> <span class='ocrx_word' id='word_1_170' title='bbox 418 4118 628 4199; x_wconf 82' lang='lat' dir='ltr'><strong>manifestum</strong></span> <span class='ocrx_word' id='word_1_171' title='bbox 644 4118 685 4193; x_wconf 89' lang='lat' dir='ltr'><strong>fit</strong></span> <span class='ocrx_word' id='word_1_172' title='bbox 704 4119 738 4193; x_wconf 93' lang='lat' dir='ltr'><strong>in</strong></span> <span class='ocrx_word' id='word_1_173' title='bbox 754 4120 820 4193; x_wconf 89' lang='lat' dir='ltr'><strong>hoc</strong></span> <span class='ocrx_word' id='word_1_174' title='bbox 836 4139 936 4221; x_wconf 90' lang='lat' dir='ltr'><strong>poeta</strong></span> <span class='ocrx_word' id='word_1_175' title='bbox 952 4140 1091 4213; x_wconf 88' lang='lat' dir='ltr'><strong>nostro,</strong></span> <span class='ocrx_word' id='word_1_176' title='bbox 1110 4153 1177 4225; x_wconf 92' lang='lat' dir='ltr'><strong>quo</strong></span> 
     </span>
     <span class='ocr_line' id='line_1_29' title="bbox 60 4232 1175 4339; baseline 0.011 -36"><span class='ocrx_word' id='word_1_177' title='bbox 60 4314 61 4321; x_wconf 7' lang='grc' dir='ltr'>χ</span> <span class='ocrx_word' id='word_1_178' title='bbox 123 4232 173 4306; x_wconf 83' lang='lat' dir='ltr'><strong>rix</strong></span> <span class='ocrx_word' id='word_1_179' title='bbox 196 4236 367 4339; x_wconf 87' lang='lat' dir='ltr'><strong>quisquam</strong></span> <span class='ocrx_word' id='word_1_180' title='bbox 389 4238 576 4339; x_wconf 86' lang='lat' dir='ltr'><strong>copiosius,</strong></span> <span class='ocrx_word' id='word_1_181' title='bbox 594 4262 692 4313; x_wconf 88' lang='lat' dir='ltr'><strong>nemo</strong></span> <span class='ocrx_word' id='word_1_182' title='bbox 706 4236 905 4335; x_wconf 82' lang='lat' dir='ltr'><strong>jucundius,</strong></span> <span class='ocrx_word' id='word_1_183' title='bbox 922 4266 959 4313; x_wconf 88' lang='lat' dir='ltr'><strong>ac</strong></span> <span class='ocrx_word' id='word_1_184' title='bbox 977 4238 1059 4313; x_wconf 84' lang='lat' dir='ltr'><strong>citra</strong></span> <span class='ocrx_word' id='word_1_185' title='bbox 1080 4268 1175 4315; x_wconf 90' lang='lat' dir='ltr'><strong>omne</strong></span> 
     </span>
     <span class='ocr_line' id='line_1_30' title="bbox 232 4358 999 4429; baseline 0 -4"><span class='ocrx_word' id='word_1_186' title='bbox 232 4358 342 4429; x_wconf 84' lang='lat' dir='ltr'><em>VIII.</em></span> <span class='ocrx_word' id='word_1_187' title='bbox 957 4382 999 4425; x_wconf 83' lang='lat' dir='ltr'><strong>ao</strong></span> 
     </span>
    </p>
   </div>
   <div class='ocr_carea' id='block_1_10' title="bbox 0 0 1546 5000">
    <p class='ocr_par' dir='ltr' id='par_1_10' title="bbox 0 0 1546 5000">
     <span class='ocr_line' id='line_1_31' title="bbox 0 0 1546 5000; baseline 0 0"><span class='ocrx_word' id='word_1_188' title='bbox 0 0 1546 5000; x_wconf 95' lang='lat' dir='ltr'><strong> </strong></span> 
     </span>
    </p>
   </div>
  </div>
 </body>
</html>
