3017 5000
346 446 412 533 lpoo
611 449 844 526 NOTITIA
867 450 1162 518 LITERARIA

846 585 932 649 1501.

384 717 525 795 Epistolae
541 717 706 791 Heroides,
725 720 842 801 Sappho
854 731 884 781 et
898 720 928 781 in
943 719 1018 779 Ibin.
1033 722 1069 781 ln
1078 718 1155 780 hue:
1172 744 1188 774 α
1198 721 1238 780 Et
1250 720 1293 780 sic
1302 725 1346 780 est
1356 720 1410 783 inis

344 814 431 896 hujus
448 814 565 895 operia,
581 814 611 873 in
631 836 691 896 quo
711 815 773 876 haec
794 816 890 876 omnia
913 814 1099 876 continentur
1120 815 1263 878 videlieet.
1278 816 1311 877 Pa
1326 818 1414 881 Ovidii

346 910 473 974 Nasonis
501 912 642 995 Epistolae
663 915 827 989 Heroides,
842 937 899 976 una
920 938 986 977 cum
1012 915 1239 998 expositionibus
1260 919 1414 980 eximiorum

345 1014 494 1088 virorum,
511 1012 584 1075 Aut.
597 1010 718 1091 Volsci,
730 1014 925 1099 Ubertiniqne
943 1012 1073 1091 Clerici,
1089 1016 1322 1079 Crescentinatis.
1338 1021 1415 1102 Ejus*

348 1112 413 1173 dem
440 1112 540 1175 Ovidii
557 1113 694 1196 Sappho,
715 1127 781 1175 cum
804 1112 984 1197 expositione
1002 1114 1220 1198 singularissimi
1240 1115 1416 1199 interpretis,

348 1210 468 1271 Domitii
484 1209 638 1273 Calderini.
654 1212 718 1273 Nec
736 1233 798 1272 non
813 1212 941 1294 ejusdem
959 1211 1061 1276 Ovidii
1077 1212 1188 1274 libellus
1204 1212 1235 1273 iu
1254 1212 1345 1288 thim,
1361 1237 1414 1275 erm

273 1303 278 1311 ⁹
349 1312 531 1394 expositione
546 1312 673 1394 ejusdem
687 1311 822 1373 Domitii.
841 1312 931 1387 Quod
947 1334 1020 1390 opus
1030 1311 1151 1373 feliciter
1162 1313 1415 1395 accuratissimeque

348 1411 519 1492 imressum
535 1410 591 1471 fuit
607 1411 736 1472 Venetiis
750 1454 759 1484 ‚
777 1433 829 1487 per
843 1414 985 1473 Joannem
998 1410 1154 1495 Aluysium
1165 1411 1200 1472 de
1211 1411 1340 1487 varino,
1357 1413 1414 1474 hle-

351 1510 421 1573 diol.
440 1511 646 1584 liccem,
662 1510 802 1595 vigesimo
812 1513 950 1573 Kalendas
966 1510 1048 1572 Jutii.
1062 1513 1135 1572 Laus
1151 1514 1227 1572 Deo.
1239 1538 1255 1566 a
1272 1512 1415 1575 in-fol.-

347 1610 472 1683 Panum,
492 1621 564 1669 tom.
582 1610 680 1682 vlu,
697 1632 760 1693 pag.
777 1606 847 1685 344.

391 1716 534 1795 Epistolae
557 1739 623 1777 curn
640 1729 792 1778 comment.
814 1715 972 1779 variorum.
998 1718 1034 1776 ln
1046 1716 1104 1777 fine
1122 1738 1129 1773 r
1146 1741 1161 1769 u
1177 1718 1352 1798 lmpressum
1366 1718 1414 1777 Ve-

348 1816 432 1877 n'etiis
444 1838 495 1897 per
506 1818 649 1876 Joanuem
661 1814 818 1875 Taeuinum
829 1815 865 1875 de
876 1814 1010 1875 Tridino.
1021 1816 1111 1889 ΜΒΙ,
1125 1815 1171 1877 die
1180 1834 1200 1876 x
1209 1816 1316 1878 mensis
1326 1816 1411 1877 Jutit·

348 1913 451 1974 in-fol.
470 1936 535 1975 curn
552 1913 600 1999 fig·
612 1946 654 1961 -·
667 1914 791 1989 Panum,
805 1926 878 1974 tom.
893 1914 970 1973 Vlll
981 1956 990 1986 ‚
1003 1934 1067 1995 pag.
1081 1910 1150 1989 341.
1457 1908 1460 1916 ’

387 2021 583 2104 Epistolarum
601 2018 681 2080 liber·
697 2046 712 2072 a
729 2020 863 2101 lmpress.
879 2017 1009 2100 Liptaich
1027 2042 1077 2102 per
1095 2020 1307 2081 Bacealaurium
1324 2017 1412 2080 Wolf

348 2138 471 2203 gangum
489 2117 703 2193 Monacensem‚
713 2138 789 2177 anno
801 2113 923 2177 Domini
937 2117 1137 2181 MCCCCCI.
1152 2146 1166 2172 n
1175 2116 1410 2190 init-Panna,

347 2229 420 2277 tom.
436 2216 518 2290 vlt,
538 2236 602 2299 pag.
619 2211 686 2275 138.
1111 2210 1116 2221 ⁴

389 2332 425 2390 ln
442 2330 572 2413 Sappho.
605 2328 768 2411 Sapphicon
795 2327 921 2389 rimoldi
946 2330 1142 2413 Westefeldes
1169 2332 1365 2395 Lindariensis
1383 2330 1411 2392 ad

348 2431 509 2492 Lectorem.
523 2432 559 2489 ln
569 2430 625 2490 fine
641 2451 647 2487 :
666 2455 681 2481 a
692 2429 868 2511 lmpressum
879 2427 969 2510 Lipah
979 2450 1032 2512 per
1046 2430 1187 2492 Jacobnm
1201 2432 1411 2494 Thanuerller·

348 2530 544 2614 bipoleusem‚
563 2551 638 2590 anno
655 2529 751 2591 salutis
762 2540 862 2590 nostre
876 2525 989 2589 1501.»
1001 2529 1085 2603 in·4⁰.
1094 2566 1136 2578 -
1145 2532 1252 2592 Panaer
1262 2577 1272 2607 ,
1283 2545 1352 2594 tom.
1364 2532 1410 2604 xl,

348 2652 411 2714 rte·
429 2629 501 2714 4²9·

388 2740 457 2798 Duo
478 2737 543 2797 libri
564 2737 744 2799 continentes
768 2737 886 2798 Amoris
906 2737 1052 2799 Remedia.
1082 2739 1115 2796 ln
1139 2737 1196 2798 fine
1214 2761 1221 2797 :
1243 2768 1259 2792 κ
1274 2741 1309 2800 Ρ.
1327 2738 1410 2802 Ovidii
1443 2777 1448 2792 ·

349 2835 475 2896 Nasonis
491 2836 526 2896 de
541 2835 682 2896 Remedio
698 2835 817 2897 Amoris
833 2835 899 2894 libri
913 2835 971 2895 duo
986 2857 993 2892 :
1007 2834 1147 2895 industria
1164 2835 1292 2897 Arnoldi
1304 2839 1410 2896 Weste-

347 2933 436 2996 feldes
456 2935 645 3018 ingenuarum
663 2931 765 2992 artium
780 2933 907 3016 magistri
920 2935 1071 2996 emendati.
1084 2936 1174 2996 Anno
1191 2959 1207 2996 a
1222 2937 1308 2997 natali
1322 2936 1409 2998 Chris·

348 3035 426 3094 tiano
449 3029 542 3106 1501,
562 3032 685 3113 septimo
702 3031 778 3090 'ldus
798 3032 879 3091 Junii
893 3053 901 3091 t
915 3030 1036 3094 feliciter
1053 3033 1284 3095 terminantur.»
1307 3035 1409 3117 insigne

348 3149 408 3218 typ.
425 3136 485 3196 Jac.
501 3134 646 3193 Thanner.
658 3128 751 3203 in-dt’.
768 3163 809 3176 -
822 3130 944 3205 Panum,
963 3131 1030 3192 ibid.

389 3241 489 3305 Ovidii
496 3240 660 3323 quindecim
670 3235 942 3319 Metamorphoseos
953 3238 1020 3299 libri
1032 3239 1196 3324 diligentius
1207 3245 1409 3328 recognition

347 3337 527 3401 familiaribus
538 3336 766 3401 commentariis:
779 3348 808 3397 et
819 3336 912 3415 indice
923 3334 1100 3414 alphabetico
1110 3340 1145 3400 ab
1159 3342 1302 3404 hscemio
1314 3363 1408 3404 sunna

349 3459 415 3499 cura
432 3440 578 3500 collecto:

513 3590 543 3644 Si
552 3589 635 3643 virtus
644 3587 726 3641 animi
739 3588 817 3642 rebus
828 3598 950 3657 praestare
963 3587 1067 3641 caducis

513 3678 641 3733 Creditur
654 3699 660 3733 :
673 3677 780 3734 excultis
790 3679 828 3732 nil
840 3679 952 3748 dignum
965 3679 1066 3734 duxero
1079 3679 1159 3733 libris.

513 3771 580 3824 Ecce
595 3789 686 3840 parare
699 3770 747 3823 tibi
760 3769 868 3840 posthac
880 3769 998 3824 studiosa
1009 3771 1133 3840 juventus

512 3862 577 3916 AEre
592 3873 667 3932 poter
678 3861 784 3916 modico
793 3881 860 3930 quos
872 3862 959 3916 multo
967 3861 1146 3932 impressimus
1160 3880 1234 3915 auro.

346 4009 557 4072 venundantur
572 4006 707 4088 Lugduni
724 4004 759 4066 ab
772 4004 885 4067 Jacobo
901 4007 1078 4085 Huguetano
1094 4007 1222 4088 ejusdcm
1238 4003 1352 4071 civitatis
1366 4003 1408 4063 hi-

348 4105 474 4184 hliopola
486 4115 518 4164 et
531 4103 592 4164 cire
603 4102 634 4162 in
646 4100 712 4164 vico
727 4101 888 4166 mercuriali
901 4145 911 4176 ‚
925 4113 980 4163 ete.
999 4103 1040 4162 Et
1053 4103 1198 4180 parrhisiis
1213 4105 1245 4166 in
1255 4105 1317 4168 vico
1328 4101 1408 4166 saneti

346 4205 448 4270 Jacobi
472 4201 527 4266 sub
550 4200 625 4266 Diva
645 4199 767 4282 Virgine
786 4222 878 4278 prope
900 4201 1039 4265 sannam
1063 4203 1261 4267 Benedictum.
1286 4207 1319 4265 ln
1334 4205 1406 4264 dura
