3017 5000
328 523 388 591 132
659 526 698 589 P.
726 523 906 593 OVIDII
934 524 1066 593 VITA

321 660 522 737 obtinuerat.
542 661 698 737 Profecto
707 692 811 764 quum
820 664 1036 740 decemviratus
1048 662 1103 739 itte
1113 693 1184 739 non
1193 666 1296 741 fuerit
1308 669 1396 768 equi·

323 779 414 854 tibus
430 778 588 881 proprius
605 779 734 869 honos,
749 780 809 855 sed
824 778 892 855 ittis
902 779 1002 855 modo
1016 780 1133 868 datus,
1148 781 1206 882 qni
1222 782 1257 855 in
1271 801 1398 857 senatus

320 925 415 999 spem
435 896 630 986 alebantur3
654 898 701 972 ita
717 914 751 971 et
771 899 864 999 jura,
884 926 957 999 qua
971 898 1084 999 ipsum
1101 900 1330 1001 sequebantur
1349 900 1398 975 de-

319 1014 535 1099 cemviratum,
567 1014 757 1090 debuerunt
781 1015 822 1089 ad
853 1017 1039 1090 senatorios
1064 1018 1211 1092 honores
1233 1035 1397 1119 ‘spectare

318 1130 459 1221 Paucis,
478 1132 751 1234 quandoquidem
769 1130 819 1205 itti
834 1132 970 1231 juvenes
986 1132 1056 1207 lato
1074 1133 1186 1207 induti
1202 1133 1297 1207 claro
1317 1134 1399 1207 dice·

318 1245 443 1321 bantttr
458 1250 605 1323 sermoni
620 1248 758 1335 ordinis,
789 1249 853 1322 etsi
880 1248 1032 1322 nondum
1056 1251 1091 1322 in
1119 1269 1234 1324 senatu
1260 1249 1399 1324 honorem

319 1364 532 1462 capessebant,
552 1364 603 1438 nti
613 1363 752 1437 Tacitus
767 1373 775 1403 ¹
788 1361 940 1464 loquitur
956 1365 998 1439 de
1009 1364 1102 1440 dulia
1113 1366 1286 1452 Montano,
1307 1391 1400 1466 quem

318 1480 502 1555 Suetonius
519 1490 531 1518 ²
551 1480 735 1555 latr'clan'nm
750 1498 865 1566 vocat;
882 1479 1009 1554 idcirco
1023 1479 1154 1554 nullum
1169 1499 1221 1554 est
1239 1480 1397 1571 dubium,

320 1594 403 1694 quin
420 1594 520 1668 iidem
534 1594 670 1693 juribus
684 1594 843 1668 senatorii
857 1593 986 1668 ordinis
1003 1596 1290 1683 fruerentur,nec
1305 1594 1401 1667 modo

316 1711 500 1812 privilegiis
512 1712 650 1787 alterius
660 1712 829 1786 inferioris
843 1711 992 1801 ordinis,
1011 1710 1052 1785 ad
1066 1739 1165 1812 quem
1178 1738 1248 1785 nou
1260 1712 1401 1815 amplius

318 1830 516 1905 attinebant.
658 1827 665 1839 ¹

371 1948 535 2021 Caeterurn
550 1974 654 2047 quum
670 1946 835 2035 Ovidius,
850 1964 953 2049 prout
964 1976 1042 2021 mox
1056 1948 1298 2051 prohabimus,
1313 1976 1402 2050 spem

320 2080 454 2139 senatus
472 2079 594 2164 sponte
611 2062 789 2162 abjecerit,
808 2090 846 2134 ac
859 2062 902 2136 ad
914 2082 1093 2159 angustum
1107 2062 1235 2138 clavum
1248 2062 1400 2149 redierit,

266 2242 272 2259 ,
320 2178 518 2281 priusquam
528 2176 638 2250 ullum
651 2177 777 2279 inipso
791 2196 908 2252 senata
920 2180 1117 2280 capessisset
1129 2181 1295 2255 honorem
1306 2210 1315 2268 3
1328 2180 1403 2253 hinc

319 2296 487 2393 ambigere
505 2295 602 2385 licet,
619 2324 702 2369 nunt
715 2314 834 2398 postea
846 2295 968 2371 iterum
982 2296 1154 2398 equitibus
1170 2316 1403 2375 annumeratus

317 2415 391 2516 jure
410 2412 651 2487 decemviratus
673 2412 816 2486 anteacti
837 2412 988 2513 potuerit
1014 2414 1052 2485 in
1071 2412 1225 2487 orchestra
1245 2431 1402 2517 spectare.

321 2533 397 2605 Hoc
416 2529 481 2631 ipsi
498 2527 632 2603 licuisse
649 2526 745 2602 facile
762 2557 833 2601 non
851 2547 903 2603 est
919 2526 1078 2615 definitu;
1094 2557 1155 2603 nec
1172 2529 1255 2604 mihi
1273 2529 1405 2632 quidem

319 2646 497 2724 verisimile
524 2645 588 2734 fit;
611 2645 737 2747 qnippe
761 2645 821 2747 qui
844 2645 995 2732 videam,
1022 2648 1215 2742 Augustum
1233 2648 1305 2738 iis,
1325 2676 1406 2749 quos

322 2767 423 2842 etiam
442 2764 485 2839 ad
501 2793 536 2840 se
554 2781 671 2838 senatu
687 2761 894 2837 abdicandos
911 2763 1122 2862 compulerat,
1143 2763 1235 2838 relat
1250 2762 1406 2866 peculiari

324 2879 533 2976 indulgentia
549 2885 714 2954 servavisse
725 2880 843 2980 rbsrgtne
854 2880 950 2954 aesta}
963 2937 973 2966 ,
992 2895 1025 2953 et
1037 2879 1239 2980 spectandiia
1252 2880 1406 2956 orchestra

323 2995 527 3100 epulandique
545 2995 670 3096 publice
686 2997 742 3097 jas
760 2993 785 3068 ³.
803 2997 931 3070 Verum
951 2994 1036 3070 nihil
1051 2995 1142 3096 apud
1165 2996 1328 3071 Ovidium
1350 3022 1406 3072 oc-

326 3117 451 3204 currit,
470 3113 562 3216 quod
578 3113 678 3187 nohis
693 3129 826 3213 tempus
842 3110 928 3186 illud
940 3113 1075 3203 innuat,
1093 3142 1161 3214 quo
1173 3112 1240 3211 jam
1256 3134 1405 3190 senatum

214 3317 219 3328 ,
327 3233 518 3333 ejuraverat.

375 3350 528 3425 Alterum
545 3375 623 3422 vero
641 3347 733 3448 quod
751 3347 890 3435 attinet,
909 3345 967 3446 qui
983 3345 1140 3420 tribunatu
1153 3345 1218 3421 sub
1231 3346 1327 3422 tutio
1341 3349 1405 3422 Ca-

326 3497 399 3546 sare
415 3468 449 3540 in
466 3463 558 3540 bello
574 3462 734 3538 Africano
752 3471 870 3535 contra
885 3460 1007 3536 anam
1023 3460 1160 3534 sanctus
1176 3479 1265 3550 erat,
1281 3462 1313 3536 is
1326 3491 1406 3564 pro-

327 3586 407 3660 inde
423 3594 453 3666 ἑς
469 3589 604 3676 βουλείας
624 3585 726 3656 {hrrida
741 3581 774 3652 ia
792 3605 875 3677 spem
891 3577 1058 3650 undarioe
1073 3575 1231 3678 &aaa
1253 3578 1408 3652 tribunus

327 3702 411 3788 fuit,
431 3717 469 3773 ut
492 3699 561 3771 Dio
588 3695 628 3770 de
653 3694 746 3768 Jalia
776 3692 938 3798 Catonem
962 3692 1139 3794 loquitur,
1164 3711 1264 3794 atque
1291 3695 1409 3770 militia

329 3835 504 3920 promotus
520 3832 571 3887 est
595 3811 635 3885 ad
658 3830 830 3897 senatum
851 3799 1129 3912 quemadmodum
1147 3827 1181 3883 et
1206 3809 1280 3886 aliis
1301 3813 1409 3887 conti·

331 3935 417 4032 gissa
434 3931 531 4034 plara
548 3929 669 4004 docent
685 3926 836 4028 exempla
852 3926 1026 4028 pascimin
1043 3925 1183 4003 historia
1200 3927 1281 4002 satis
1299 3929 1407 4003 obvia.

364 4139 371 4168 ¹
391 4131 488 4188 Annal.
499 4131 542 4185 tib.
558 4128 642 4197 XIII,
656 4148 711 4198 cap.
725 4131 766 4181 25.
832 4207 835 4210 ἢ

361 4217 373 4247 ²
391 4216 423 4270 ln
435 4215 498 4268 Ner.
510 4231 566 4280 cap.
580 4211 619 4265 ah.
1361 4252 1365 4260 ⁸

361 4296 372 4332 ³
389 4298 498 4352 Sueton.
512 4295 540 4349 in
555 4297 622 4366 Aug.
635 4313 691 4364 cap·
704 4297 753 4362 35;
772 4293 825 4348 rid.
839 4303 866 4349 et
879 4290 1014 4348 Dicatib.
1031 4291 1105 4360 LtV,
1120 4309 1178 4362 pag.
1193 4291 1250 4344 531.
