3017 5000
345 596 405 641 rou
549 636 554 647 ,
669 572 1089 641 1³.0v11)11v1TA

336 714 460 817 mtp'ons
470 714 589 815 gradus
597 715 759 815 juvenem,
776 714 844 788 hoc
859 732 908 790 est
920 713 1037 815 procul
1052 712 1174 801 dubio,
1186 714 1344 788 'senatorii
1358 742 1411 788 oo·

338 830 442 917 dinis;
460 858 603 932 eumque
614 830 731 933 prodit
742 860 762 904 a
775 832 971 906 Domitiano
986 832 1135 905 arbitrum
1146 856 1279 906 nuuouoe
1290 829 1408 917 datum,

337 972 375 1019 ac
395 944 530 1018 orandum
549 944 672 1019 vrorum
696 945 876 1019 stationibus
895 945 1109 1047 prefectum,
1135 974 1239 1047 quum
1264 946 1358 1046 prius
1379 946 1412 1019 in

337 1062 414 1137 foro
439 1080 474 1135 et
502 1062 591 1162 apud
615 1063 841 1137 centumviros
875 1090 989 1137 causas
1011 1064 1133 1164 juvenis
1158 1062 1306 1138 dixisset.
1334 1064 1414 1160 Qua

339 1208 443 1280 quum
454 1179 583 1253 Statius
597 1178 712 1254 adulto
721 1181 789 1281 jam
801 1180 987 1254 Domitiani
998 1180 1327 1282 imperioscriberet,
1340 1179 1414 1252 hinc

338 1314 447 1397 patet,
467 1298 595 1371 huncce
621 1297 760 1370 Plotium
787 1296 942 1397 anpran
963 1297 1056 1372 hand
1073 1299 1225 1371 cumdem
1248 1326 1320 1372 esse
1344 1326 1415 1371 cum

338 1411 398 1485 illo
416 1412 480 1486 sub
492 1411 690 1513 Vespasiani
702 1412 913 1513 principatus
923 1412 1057 1507 initium
1064 1429 1206 1513 pratum
1218 1413 1335 1489 functo
1347 1442 1357 1500 3
1369 1413 1417 1487 nti

340 1526 425 1603 male
451 1528 626 1604 Gerartius
647 1538 655 1567 ¹
678 1529 891 1629 opinabatur.
919 1532 971 1603 Er
988 1530 1042 1603 his
1059 1557 1138 1604 vero
1159 1531 1315 1607 sontibus
1335 1532 1417 1605 forte

335 1643 504 1744 processit
518 1641 616 1716 fictus
633 1641 690 1715 itte
707 1644 854 1717 Nasonis
871 1643 979 1717 nostri
995 1644 1164 1739 magister.

748 1814 1015 1837 mm

467 1950 549 2005 Anno
563 1960 625 2005 ante
639 1948 672 2004 C.
685 1966 791 2015 xxv1n;
803 1950 840 2005 U.
854 1949 886 2004 C.
898 1965 1034 2016 cccxxvi,
1046 1950 1139 2006 ovidii
1148 1970 1185 2008 xv
1197 1963 1225 2007 et
1239 1970 1296 2008 m.

399 2090 431 2148 C.
451 2090 613 2149 CAESARE
630 2092 863 2150 ocruvlstto
882 2096 940 2164 vt,
958 2095 998 2149 M.
1018 2092 1184 2150 AGRIPPA
1203 2095 1231 2149 11
1250 2092 1355 2150 COSS.

344 2310 350 2325 .
389 2249 417 2320 l.
447 2246 534 2319 Cum
551 2259 670 2317 nostro
689 2240 732 2314 ad
749 2254 851 2339 togate
868 2239 941 2339 ejus
957 2239 1080 2313 uin'lem
1103 2248 1134 2327 ²,
1153 2266 1228 2339 que
1243 2258 1280 2314 et
1294 2202 1419 2315 lederu'

340 2392 378 2441 ac
394 2391 479 2463 puro
496 2358 509 2408 ⁴
535 2359 729 2445 dicebatur,
747 2386 870 2453 magno
888 2356 968 2431 satis
982 2355 1071 2431 saltu
1084 2356 1281 2432 transimus:
1299 2357 1342 2431 de
1359 2384 1422 2457 qna

341 2480 389 2553 sic
405 2476 507 2553 Trist.
526 2475 587 2551 lib.
604 2476 665 2559 IV,
683 2471 780 2569 Eteg.
801 2492 841 2560 x,
856 2501 940 2546 vers.
957 2496 1003 2571 27
1020 2488 1056 2547 et
1072 2469 1120 2546 28
1135 2501 1144 2546 ε

508 2625 632 2689 Interea,
646 2622 724 2676 tacito
738 2639 814 2692 passu
827 2620 977 2674 tabentibus
986 2619 1079 2686 anuis,

541 2718 658 2770 Liberior
668 2715 744 2768 fratri
754 2723 840 2768 sumta
852 2711 970 2783 mihique
982 2723 1042 2781 tna
1050 2721 1097 2768 eat.

343 2835 415 2933 Qui
432 2862 510 2908 vero
531 2831 678 2927 vulgaris
702 2831 806 2905 fuerit
828 2829 901 2904 dies
925 2848 1015 2925 togae
1035 2831 1115 2905 huic
1135 2829 1252 2904 dandae
1277 2829 1425 2917 dicatus,

346 2952 446 3024 docet
463 2950 535 3051 ipse
552 2952 661 3036 Naso,
679 2949 809 3021 Fastor.
821 2946 882 3020 tib.
897 2949 966 3033 ltt,
985 2948 1064 3022 duan
1077 2946 1120 3021 ad
1131 2950 1255 3022 temus
1268 2968 1351 3052 post
1359 2947 1429 3036 'iiiut

345 3066 476 3154 Martii,
497 3095 554 3142 seu
578 3093 617 3166 17
638 3066 709 3166 ejus
727 3063 851 3138 mensis
870 3063 957 3138 diem
976 3061 1109 3138 Beato
1124 3091 1275 3156 sacrum
1294 3093 1335 3142 ac
1354 3065 1428 3140 tte

344 3185 423 3258 rolin
437 3182 516 3258 inde
532 3181 675 3269 dictum,
695 3180 765 3254 haec
782 3177 919 3281 prodit,
936 3177 1056 3252 avers.
1079 3203 1173 3278 770:

508 3327 601 3382 Restat
613 3337 643 3379 nt
653 3325 808 3390 inveniam,
821 3341 903 3393 quare
912 3332 974 3391 ¹⁰6⁰
983 3323 1064 3377 term
1075 3325 1150 3376 detur

544 3416 667 3474 Lucifero
676 3422 777 3485 punt,
790 3413 903 3471 candide
913 3417 1021 3470 Bacche
1027 3453 1042 3479 ,.
1055 3425 1110 3469 tuo.

513 3512 575 3566 Sive
588 3509 657 3580 quod
670 3510 724 3579 ipse
731 3527 798 3577 puer
807 3526 913 3579 semper
923 3508 1079 3576 juvenisque
1089 3506 1202 3575 videris,

544 3603 580 3656 Et
592 3601 679 3656 media
694 3611 733 3654 eet
746 3610 807 3653 aetas
819 3598 891 3654 inter
902 3609 1046 3668 utrumque
1057 3597 1122 3652 tibi:

513 3694 568 3748 Seu
580 3691 640 3761 quia
653 3701 681 3744 tu
688 3701 765 3758 paler
775 3711 816 3758 es,
828 3700 915 3760 patres
927 3709 974 3744 sua
986 3691 1096 3760 pignora
1109 3699 1187 3742 natos

426 3821 449 3864 μ.
545 3783 744 3838 commendant
758 3767 828 3838 curn
841 3783 1048 3852 numittibusque
1062 3783 1131 3836 tuis:

510 3875 587 3941 Sive,
600 3875 671 3944 quod
684 3895 711 3928 es
726 3877 816 3938 Later,
828 3880 909 3928 uestis
921 3893 1027 3945 quoque
1039 3878 1121 3929 litem
1133 3893 1182 3944 per
1193 3884 1220 3929 te

545 3964 668 4018 sumitur
679 3965 777 4020 ervire
788 3963 918 4020 liberioris
928 3965 980 4019 iter
990 4003 998 4034 ,
1010 3975 1060 4019 etc.

379 4105 387 4134 ¹
407 4101 469 4153 Noe
482 4097 514 4152 ad
527 4096 591 4152 ittud
604 4096 672 4152 Stat.
687 4095 777 4153 Carm.
789 4119 845 4168 cap.
859 4120 897 4152 ια.

381 4187 392 4218 ³
411 4182 494 4252 Quod
506 4199 605 4252 nempe
618 4181 731 4250 qnieem
743 4183 891 4238 induebant
901 4205 933 4240 ex
943 4184 1089 4256 ephebuin
1096 4186 1168 4240 viros
1177 4186 1431 4242 memiheoentue.

380 4269 391 4300 ³
409 4267 482 4338 Quia
496 4279 553 4322 tum
565 4286 580 4321 e
591 4267 742 4337 magisterio
754 4268 923 4323 excedebant.

379 4355 389 4390 ⁵
406 4354 447 4406 Ut
458 4371 515 4421 quae
527 4362 582 4406 tota
593 4361 660 4407 esset
672 4349 746 4418 atha,
758 4351 824 4406 nihil
837 4369 962 4422 purpure
974 4351 1123 4410 admittunt
1136 4337 1246 4410 teuteus
