3017 5000
447 502 548 573 PER
572 507 605 574 J.
630 506 862 577 MASSON.
1127 513 1192 578 203

283 644 409 714 Inproba
421 655 522 715 pugnet
533 660 644 713 nulus,
658 646 880 717 indignaturque,
892 649 964 718 quad
977 647 1061 703 aueitn

317 735 453 803 Scribere,
466 756 494 791 re
505 736 602 808 rigidas
615 738 762 795 incutiente
774 739 867 795 minas.

144 868 366 941 terramus
379 884 452 941 nux
469 864 557 941 idem
574 866 640 955 sir,
658 894 696 942 ac
715 886 855 955 uiuus,
873 896 932 942 seu
949 867 1097 971 hyemale
1114 887 1199 942 tem-

140 1008 208 1081 pus3
234 1008 296 1053 nec
321 980 434 1055 stricte
459 982 570 1055 veniat
591 980 783 1083 accipienda
808 1010 872 1083 pro
892 981 1026 1089 lybema
1050 983 1201 1066 solslr'trin

140 1096 401 1196 quemadmodum
423 1098 549 1171 Bruma
574 1099 719 1173 sumitur
746 1099 836 1201 apud
857 1099 1045 1199 Vrigrfttm,
1077 1099 1201 1193 Georg.

139 1209 185 1285 lib.
209 1216 242 1303 1,
269 1242 355 1291 vers.
385 1240 481 1303 211,
509 1234 548 1289 ut
570 1244 640 1289 eam
668 1218 766 1290 etiam
791 1217 944 1304 Plinius,
972 1216 1031 1291 lib.
1061 1218 1202 1303 XVIII,

138 1358 194 1430 cap.
211 1330 274 1423 24,
292 1330 547 1433 interpretatur,
566 1350 665 1432 atque
682 1324 772 1432 apud
788 1332 899 1434 ipsum
920 1332 1087 1418 Om'drirm,
1112 1334 1200 1406 Fast.

136 1444 182 1519 lib.
200 1449 231 1536 l,
250 1447 330 1535 ubi,
358 1476 462 1549 quum
478 1466 579 1550 poeta
595 1448 765 1539 finxisset,
783 1477 867 1525 vere.
895 1452 986 1550 149,
1011 1479 1046 1525 se
1068 1478 1203 1545 rogasse

134 1566 241 1638 lanum
254 1596 261 1639 :

295 1724 318 1738 ..
330 1724 335 1737 .
352 1684 492 1757 frigoribus
504 1706 585 1757 quare
597 1704 682 1740 novus
691 1686 785 1757 insipit
798 1706 902 1751 annun

134 1812 323 1915 respondet,
342 1830 500 1915 tauqrram
518 1841 557 1887 ex
575 1812 715 1912 hujusce
732 1814 797 1887 Dei
815 1843 890 1903 oue,
907 1840 990 1888 vers.
1013 1814 1105 1891 163:

287 1959 396 2017 Beana
407 1960 471 2015 nori
479 1966 564 2029 pram
575 1964 585 1993 ¹
597 1970 651 2028 eet,
665 1960 815 2031 veterisque
826 1967 965 2015 norissima
975 1960 1035 2016 solie
1047 1981 1054 2016 τ

324 2053 490 2124 Principium
500 2044 609 2125 topini
620 2053 735 2109 Phoebus
747 2066 774 2108 et
786 2072 873 2109 mnus
886 2052 967 2111 idem.

136 2182 277 2270 Clarius,
293 2183 396 2257 Triet.
414 2180 474 2257 lib.
493 2184 536 2271 V,
550 2182 645 2279 Eleg.
664 2203 707 2271 x,
722 2210 806 2256 reus.
825 2209 843 2284 7
863 2200 897 2256 et
910 2182 958 2257 8:

236 2332 294 2387 Nee
307 2330 374 2385 mihi
386 2334 524 2385 salslr'lr'am
542 2330 606 2398 (scil.
617 2328 750 2399 emirum)
763 2328 909 2401 quidquam
924 2330 958 2385 de
970 2331 1090 2386 noctibus
1103 2330 1205 2388 aufert:

290 2422 381 2479 amm
392 2435 515 2495 angurias
526 2442 578 2479 uec
589 2422 655 2478 mihi
666 2426 778 2479 Brute
787 2422 852 2478 dies.
896 2422 902 2431 '

132 2555 174 2626 Ut
188 2569 227 2626 ut
241 2553 305 2641 sit,
321 2569 501 2627 constater
515 2553 691 2654 utriusque
704 2551 830 2648 Elegia
843 2549 1039 2642 collatione,
1055 2551 1203 2626 decinam

131 2685 201 2769 post
225 2697 339 2744 romara
365 2697 437 2745 esse
461 2669 712 2759 concinnatam,
731 2687 832 2771 atque
856 2669 1000 2772 proinde
1020 2695 1124 2770 quum
1138 2667 1204 2767 jam

133 2783 269 2859 Ovidius
293 2783 539 2858 Samothraciam
561 2782 774 2885 reliquisset,
797 2811 834 2858 ae
856 2783 1020 2859 Bistonias
1040 2781 1206 2858 scinderet

109 2925 226 3013 ¹aquas
245 2901 309 2998 (ex
328 2900 421 2998 Eleg.
447 2921 503 2990 lx,
525 2927 609 2976 vers.
628 2902 716 3000 48),
732 2901 888 2976 Thracica
903 2901 1071 3006 petiturus
1087 2898 1203 2989 litora,

132 3034 228 3114 prout
241 3017 284 3092 ad
300 3046 423 3093 anuum
439 3045 508 3120 seq.
527 3045 740 3120 exponemus.

534 3189 800 3211 mmm

317 3362 400 3416 Anno
412 3360 445 3417 C,
458 3379 487 3416 rx
499 3384 505 3428 ;
518 3362 555 3418 U.
572 3360 604 3417 C.
616 3377 756 3428 nocuum
768 3361 861 3418 ovidii
871 3381 912 3418 um
923 3375 951 3418 et
962 3381 1022 3417 mn.

218 3507 248 3562 Ρ.
266 3505 385 3562 CORN.
401 3505 648 3575 DOLABELLA,
668 3506 699 3563 C.
717 3505 837 3563 JUNIO
854 3507 995 3563 SILANO
1011 3505 1117 3561 GOSS.

179 3651 204 3721 l.
230 3651 351 3748 Quum
367 3649 510 3725 Ovidium
523 3679 565 3724 ex
578 3647 674 3724 ltalia
693 3649 867 3737 solvisset,
885 3649 1087 3750 etquidem,
1103 3665 1143 3722 ut
1155 3648 1207 3721 ui·
1229 3689 1233 3697 ·

137 3761 244 3854 detur,
262 3765 456 3852 Brundisio,
479 3765 569 3840 unde
592 3767 695 3840 tritum
713 3768 745 3840 r'a
767 3767 924 3842 Groecr'am
940 3766 998 3841 iter
1012 3781 1083 3840 erat
1100 3771 1131 3852 ²,
1148 3793 1209 3866 per

136 3877 344 3968 Adnan'cma,
366 3879 485 3954 deiude
498 3909 559 3983 per
571 3881 697 3956 Iom'ma
710 3911 800 3958 mare
813 3901 927 3958 vectus
939 3899 1007 3972 est,
1021 3897 1061 3956 ut
1071 3908 1110 3955 ex
1124 3875 1209 3954 locis

137 3993 280 4092 nquius
296 3994 333 4070 in
349 3994 495 4072 medium
513 3993 653 4098 prolatis
677 3994 792 4097 liquet.
812 3997 934 4072 Postea
950 3995 1090 4073 lacten
1106 4019 1211 4094 quun

170 4194 178 4224 ¹
194 4192 295 4249 Scilicet
307 4196 372 4251 dier.

171 4285 183 4314 ²
198 4283 305 4355 Cicero,
318 4285 386 4342 Pare
399 4289 420 4342 I.
