<?xml version="1.0" encoding="UTF-8"?>
<!DOCTYPE html PUBLIC "-//W3C//DTD XHTML 1.0 Transitional//EN"
    "http://www.w3.org/TR/xhtml1/DTD/xhtml1-transitional.dtd">
<html xmlns="http://www.w3.org/1999/xhtml" xml:lang="en" lang="en">
 <head>
  <title>
</title>
<meta http-equiv="Content-Type" content="text/html;charset=utf-8" />
  <meta name='ocr-system' content='tesseract 3.04.00' />
  <meta name='ocr-capabilities' content='ocr_page ocr_carea ocr_par ocr_line ocrx_word'/>
</head>
<body>
  <div class='ocr_page' id='page_1' title='image "./publiiovidiinas01unkngoog/publiiovidiinas01unkngoog_0257.png"; bbox 0 0 3017 5000; ppageno 0'>
   <div class='ocr_carea' id='block_1_1' title="bbox 265 547 1304 647">
    <p class='ocr_par' dir='ltr' id='par_1_1' title="bbox 265 547 1304 647">
     <span class='ocr_line' id='line_1_1' title="bbox 265 547 1304 647; baseline -0.003 -29"><span class='ocrx_word' id='word_1_1' title='bbox 265 624 274 647; x_wconf 51' lang='lat'><strong>·</strong></span> <span class='ocrx_word' id='word_1_2' title='bbox 340 547 407 631; x_wconf 73' lang='lat'>246</span> <span class='ocrx_word' id='word_1_3' title='bbox 454 548 491 612; x_wconf 90' lang='lat' dir='ltr'>P.</span> <span class='ocrx_word' id='word_1_4' title='bbox 526 548 708 619; x_wconf 89' lang='lat' dir='ltr'>OVIDll</span> <span class='ocrx_word' id='word_1_5' title='bbox 742 550 872 617; x_wconf 81' lang='lat' dir='ltr'><strong>VITA</strong></span> <span class='ocrx_word' id='word_1_6' title='bbox 891 549 986 616; x_wconf 84' lang='lat' dir='ltr'>PER</span> <span class='ocrx_word' id='word_1_7' title='bbox 1009 550 1043 615; x_wconf 85' lang='lat' dir='ltr'>J.</span> <span class='ocrx_word' id='word_1_8' title='bbox 1070 548 1304 617; x_wconf 85' lang='lat' dir='ltr'><strong>MASSON.</strong></span> 
     </span>
    </p>
   </div>
   <div class='ocr_carea' id='block_1_2' title="bbox 337 680 1472 3694">
    <p class='ocr_par' dir='ltr' id='par_1_2' title="bbox 337 680 1472 3694">
     <span class='ocr_line' id='line_1_2' title="bbox 337 680 1409 790; baseline -0.002 -29"><span class='ocrx_word' id='word_1_9' title='bbox 337 688 406 761; x_wconf 84' lang='lat' dir='ltr'>Nec</span> <span class='ocrx_word' id='word_1_10' title='bbox 421 704 511 761; x_wconf 85' lang='lat' dir='ltr'>certe</span> <span class='ocrx_word' id='word_1_11' title='bbox 528 686 705 789; x_wconf 81' lang='lat' dir='ltr'>quicquam</span> <span class='ocrx_word' id='word_1_12' title='bbox 722 688 758 761; x_wconf 91' lang='lat' dir='ltr'>in</span> <span class='ocrx_word' id='word_1_13' title='bbox 775 689 920 763; x_wconf 79' lang='lat' dir='ltr'>Nasonis</span> <span class='ocrx_word' id='word_1_14' title='bbox 943 680 1109 790; x_wconf 74' lang='lat' dir='ltr'>operibus</span> <span class='ocrx_word' id='word_1_15' title='bbox 1130 688 1296 774; x_wconf 82' lang='lat' dir='ltr'>occurrit,</span> <span class='ocrx_word' id='word_1_16' title='bbox 1322 684 1409 787; x_wconf 85' lang='lat' dir='ltr'>quod</span> 
     </span>
     <span class='ocr_line' id='line_1_3' title="bbox 337 792 1410 905; baseline -0.003 -28"><span class='ocrx_word' id='word_1_17' title='bbox 337 830 402 877; x_wconf 87' lang='lat' dir='ltr'>nos</span> <span class='ocrx_word' id='word_1_18' title='bbox 415 802 456 875; x_wconf 88' lang='lat' dir='ltr'>ad</span> <span class='ocrx_word' id='word_1_19' title='bbox 467 802 539 901; x_wconf 84' lang='lat' dir='ltr'>ejus</span> <span class='ocrx_word' id='word_1_20' title='bbox 550 803 650 877; x_wconf 81' lang='lat' dir='ltr'>vitam</span> <span class='ocrx_word' id='word_1_21' title='bbox 664 801 807 878; x_wconf 87' lang='lat' dir='ltr'>ulterius</span> <span class='ocrx_word' id='word_1_22' title='bbox 813 803 1072 905; x_wconf 80' lang='lat' dir='ltr'>proorendam</span> <span class='ocrx_word' id='word_1_23' title='bbox 1084 792 1199 899; x_wconf 52' lang='lat' dir='ltr'>rogati</span> <span class='ocrx_word' id='word_1_24' title='bbox 1211 804 1320 876; x_wconf 90' lang='lat' dir='ltr'>lmmo</span> <span class='ocrx_word' id='word_1_25' title='bbox 1332 819 1410 875; x_wconf 89' lang='lat' dir='ltr'>tem·</span> 
     </span>
     <span class='ocr_line' id='line_1_4' title="bbox 337 917 1411 1019; baseline -0.002 -26"><span class='ocrx_word' id='word_1_26' title='bbox 337 946 458 1018; x_wconf 87' lang='lat' dir='ltr'>porum</span> <span class='ocrx_word' id='word_1_27' title='bbox 469 918 575 1012; x_wconf 85' lang='lat' dir='ltr'>signa,</span> <span class='ocrx_word' id='word_1_28' title='bbox 589 918 743 1019; x_wconf 85' lang='lat' dir='ltr'>superius</span> <span class='ocrx_word' id='word_1_29' title='bbox 754 918 874 993; x_wconf 81' lang='lat' dir='ltr'>exinde</span> <span class='ocrx_word' id='word_1_30' title='bbox 885 919 1046 1006; x_wconf 83' lang='lat' dir='ltr'>discussa,</span> <span class='ocrx_word' id='word_1_31' title='bbox 1060 921 1127 994; x_wconf 86' lang='lat' dir='ltr'>huc</span> <span class='ocrx_word' id='word_1_32' title='bbox 1137 936 1340 994; x_wconf 86' lang='lat' dir='ltr'>tantumnos</span> <span class='ocrx_word' id='word_1_33' title='bbox 1352 917 1411 991; x_wconf 84' lang='lat' dir='ltr'>du-</span> 
     </span>
     <span class='ocr_line' id='line_1_5' title="bbox 337 1035 1411 1139; baseline -0.004 -28"><span class='ocrx_word' id='word_1_34' title='bbox 337 1054 436 1125; x_wconf 90' lang='lat' dir='ltr'>cunt,</span> <span class='ocrx_word' id='word_1_35' title='bbox 456 1037 577 1138; x_wconf 78' lang='lat' dir='ltr'><strong>hicque</strong></span> <span class='ocrx_word' id='word_1_36' title='bbox 595 1064 736 1139; x_wconf 69' lang='lat' dir='ltr'>prorsm</span> <span class='ocrx_word' id='word_1_37' title='bbox 753 1035 921 1113; x_wconf 85' lang='lat' dir='ltr'>deliciunt.</span> <span class='ocrx_word' id='word_1_38' title='bbox 948 1040 998 1111; x_wconf 87' lang='lat' dir='ltr'>Ut</span> <span class='ocrx_word' id='word_1_39' title='bbox 1017 1039 1148 1111; x_wconf 68' lang='lat' dir='ltr'>udone</span> <span class='ocrx_word' id='word_1_40' title='bbox 1172 1053 1324 1137; x_wconf 86' lang='lat' dir='ltr'>testeque</span> <span class='ocrx_word' id='word_1_41' title='bbox 1345 1064 1411 1108; x_wconf 92' lang='lat' dir='ltr'>om-</span> 
     </span>
     <span class='ocr_line' id='line_1_6' title="bbox 337 1154 1413 1257; baseline -0.004 -26"><span class='ocrx_word' id='word_1_42' title='bbox 337 1156 420 1231; x_wconf 89' lang='lat' dir='ltr'>nino</span> <span class='ocrx_word' id='word_1_43' title='bbox 444 1172 575 1244; x_wconf 82' lang='lat' dir='ltr'>careat,</span> <span class='ocrx_word' id='word_1_44' title='bbox 600 1154 693 1257; x_wconf 85' lang='lat' dir='ltr'>qood</span> <span class='ocrx_word' id='word_1_45' title='bbox 719 1156 808 1229; x_wconf 82' lang='lat' dir='ltr'>idem</span> <span class='ocrx_word' id='word_1_46' title='bbox 836 1156 1006 1230; x_wconf 76' lang='lat' dir='ltr'>Zuaosios</span> <span class='ocrx_word' id='word_1_47' title='bbox 1030 1167 1040 1195; x_wconf 91' lang='lat'><strong>¹</strong></span> <span class='ocrx_word' id='word_1_48' title='bbox 1061 1156 1197 1229; x_wconf 80' lang='lat' dir='ltr'>habet:</span> <span class='ocrx_word' id='word_1_49' title='bbox 1224 1188 1243 1219; x_wconf 89' lang='lat'>«</span> <span class='ocrx_word' id='word_1_50' title='bbox 1257 1156 1413 1227; x_wconf 73' lang='lat' dir='ltr'>Mortuus</span> 
     </span>
     <span class='ocr_line' id='line_1_7' title="bbox 341 1264 1413 1370; baseline -0.007 -25"><span class='ocrx_word' id='word_1_51' title='bbox 341 1305 360 1339; x_wconf 86' lang='lat'>»</span> <span class='ocrx_word' id='word_1_52' title='bbox 381 1272 575 1366; x_wconf 80' lang='lat' dir='ltr'>(Ovidius)</span> <span class='ocrx_word' id='word_1_53' title='bbox 593 1300 664 1349; x_wconf 86' lang='lat' dir='ltr'>esse</span> <span class='ocrx_word' id='word_1_54' title='bbox 676 1272 788 1349; x_wconf 77' lang='lat' dir='ltr'>lectur</span> <span class='ocrx_word' id='word_1_55' title='bbox 799 1264 1049 1367; x_wconf 70' lang='lat' dir='ltr'>ingrauescente</span> <span class='ocrx_word' id='word_1_56' title='bbox 1065 1272 1131 1370; x_wconf 87' lang='lat' dir='ltr'>jam</span> <span class='ocrx_word' id='word_1_57' title='bbox 1148 1287 1260 1359; x_wconf 74' lang='lat' dir='ltr'>etate,</span> <span class='ocrx_word' id='word_1_58' title='bbox 1285 1288 1413 1344; x_wconf 74' lang='lat' dir='ltr'>annor</span> 
     </span>
     <span class='ocr_line' id='line_1_8' title="bbox 342 1385 1414 1475; baseline -0.002 -14"><span class='ocrx_word' id='word_1_59' title='bbox 342 1420 361 1455; x_wconf 77' lang='lat' dir='ltr'>u</span> <span class='ocrx_word' id='word_1_60' title='bbox 382 1386 521 1475; x_wconf 84' lang='lat' dir='ltr'>Tiberii,</span> <span class='ocrx_word' id='word_1_61' title='bbox 531 1386 852 1473; x_wconf 72' lang='lat' dir='ltr'>kalendislenuarii,</span> <span class='ocrx_word' id='word_1_62' title='bbox 864 1386 1097 1459; x_wconf 76' lang='lat' dir='ltr'>annoalrurloe</span> <span class='ocrx_word' id='word_1_63' title='bbox 1107 1385 1240 1459; x_wconf 76' lang='lat' dir='ltr'>condite</span> <span class='ocrx_word' id='word_1_64' title='bbox 1252 1402 1414 1470; x_wconf 72' lang='lat' dir='ltr'>metm,</span> 
     </span>
     <span class='ocr_line' id='line_1_9' title="bbox 343 1500 1416 1601; baseline -0.004 -26"><span class='ocrx_word' id='word_1_65' title='bbox 343 1535 363 1567; x_wconf 73' lang='grc' dir='ltr'><strong><em>α</em></strong></span> <span class='ocrx_word' id='word_1_66' title='bbox 384 1531 487 1601; x_wconf 90' lang='lat' dir='ltr'>quum</span> <span class='ocrx_word' id='word_1_67' title='bbox 505 1519 650 1578; x_wconf 85' lang='lat' dir='ltr'>servator</span> <span class='ocrx_word' id='word_1_68' title='bbox 667 1500 824 1579; x_wconf 68' lang='lat' dir='ltr'>(mistus</span> <span class='ocrx_word' id='word_1_69' title='bbox 840 1516 1048 1573; x_wconf 59' lang='lat' dir='ltr'>materanos</span> <span class='ocrx_word' id='word_1_70' title='bbox 1061 1516 1161 1574; x_wconf 84' lang='lat' dir='ltr'>natus</span> <span class='ocrx_word' id='word_1_71' title='bbox 1178 1518 1253 1573; x_wconf 80' lang='lat' dir='ltr'>xxl.</span> <span class='ocrx_word' id='word_1_72' title='bbox 1271 1501 1416 1601; x_wconf 79' lang='lat' dir='ltr'>»Neque</span> 
     </span>
     <span class='ocr_line' id='line_1_10' title="bbox 343 1612 1416 1721; baseline -0.007 -26"><span class='ocrx_word' id='word_1_73' title='bbox 343 1645 420 1695; x_wconf 86' lang='lat' dir='ltr'>saue</span> <span class='ocrx_word' id='word_1_74' title='bbox 437 1638 461 1689; x_wconf 87' lang='lat' dir='ltr'>v</span> <span class='ocrx_word' id='word_1_75' title='bbox 479 1616 607 1693; x_wconf 85' lang='lat' dir='ltr'>Tiberii</span> <span class='ocrx_word' id='word_1_76' title='bbox 625 1642 733 1693; x_wconf 88' lang='lat' dir='ltr'>annus</span> <span class='ocrx_word' id='word_1_77' title='bbox 747 1616 870 1721; x_wconf 64' lang='lat' dir='ltr'>erepit,</span> <span class='ocrx_word' id='word_1_78' title='bbox 887 1616 952 1691; x_wconf 86' lang='lat' dir='ltr'>nisi</span> <span class='ocrx_word' id='word_1_79' title='bbox 973 1614 1026 1688; x_wconf 91' lang='lat' dir='ltr'>die</span> <span class='ocrx_word' id='word_1_80' title='bbox 1040 1614 1163 1689; x_wconf 80' lang='lat' dir='ltr'>mensis</span> <span class='ocrx_word' id='word_1_81' title='bbox 1179 1612 1317 1689; x_wconf 76' lang='lat' dir='ltr'>Sextilis</span> <span class='ocrx_word' id='word_1_82' title='bbox 1340 1632 1416 1701; x_wconf 82' lang='lat' dir='ltr'>xtx,</span> 
     </span>
     <span class='ocr_line' id='line_1_11' title="bbox 344 1727 1417 1833; baseline -0.006 -26"><span class='ocrx_word' id='word_1_83' title='bbox 344 1731 423 1807; x_wconf 85' lang='lat' dir='ltr'>anni</span> <span class='ocrx_word' id='word_1_84' title='bbox 438 1734 480 1805; x_wconf 90' lang='lat' dir='ltr'>U.</span> <span class='ocrx_word' id='word_1_85' title='bbox 499 1732 536 1805; x_wconf 84' lang='lat' dir='ltr'>C.</span> <span class='ocrx_word' id='word_1_86' title='bbox 560 1749 699 1817; x_wconf 77' lang='lat' dir='ltr'>ocenxx</span> <span class='ocrx_word' id='word_1_87' title='bbox 719 1728 929 1833; x_wconf 65' lang='lat' dir='ltr'>capimini,</span> <span class='ocrx_word' id='word_1_88' title='bbox 949 1757 1011 1805; x_wconf 73' lang='lat' dir='ltr'>sm</span> <span class='ocrx_word' id='word_1_89' title='bbox 1026 1746 1182 1804; x_wconf 80' lang='lat' dir='ltr'>nocnxn</span> <span class='ocrx_word' id='word_1_90' title='bbox 1200 1727 1417 1815; x_wconf 74' lang='lat' dir='ltr'>varroniani,</span> 
     </span>
     <span class='ocr_line' id='line_1_12' title="bbox 344 1844 1418 1949; baseline -0.004 -28"><span class='ocrx_word' id='word_1_91' title='bbox 344 1850 490 1949; x_wconf 86' lang='lat' dir='ltr'>quocum</span> <span class='ocrx_word' id='word_1_92' title='bbox 502 1848 658 1923; x_wconf 78' lang='lat' dir='ltr'>currebat</span> <span class='ocrx_word' id='word_1_93' title='bbox 671 1876 779 1927; x_wconf 80' lang='lat' dir='ltr'>annos</span> <span class='ocrx_word' id='word_1_94' title='bbox 790 1876 863 1924; x_wconf 68' lang='lat' dir='ltr'>mre</span> <span class='ocrx_word' id='word_1_95' title='bbox 878 1844 1104 1943; x_wconf 77' lang='lat' dir='ltr'>vulgarissire</span> <span class='ocrx_word' id='word_1_96' title='bbox 1118 1845 1308 1921; x_wconf 76' lang='lat' dir='ltr'>christianes</span> <span class='ocrx_word' id='word_1_97' title='bbox 1320 1864 1418 1920; x_wconf 77' lang='lat' dir='ltr'>mn.</span> 
     </span>
     <span class='ocr_line' id='line_1_13' title="bbox 341 1960 1417 2063; baseline -0.003 -26"><span class='ocrx_word' id='word_1_98' title='bbox 341 1962 472 2037; x_wconf 78' lang='lat' dir='ltr'><strong>Idcirco</strong></span> <span class='ocrx_word' id='word_1_99' title='bbox 490 1962 661 2041; x_wconf 82' lang='lat' dir='ltr'>Zamosius</span> <span class='ocrx_word' id='word_1_100' title='bbox 677 1963 877 2063; x_wconf 72' lang='lat' dir='ltr'>scripserat,</span> <span class='ocrx_word' id='word_1_101' title='bbox 901 1962 954 2037; x_wconf 83' lang='lat' dir='ltr'>vel</span> <span class='ocrx_word' id='word_1_102' title='bbox 973 1962 1092 2037; x_wconf 76' lang='lat' dir='ltr'>saltem</span> <span class='ocrx_word' id='word_1_103' title='bbox 1112 1962 1257 2037; x_wconf 80' lang='lat' dir='ltr'>seribere</span> <span class='ocrx_word' id='word_1_104' title='bbox 1287 1960 1417 2047; x_wconf 81' lang='lat' dir='ltr'>debuit,</span> 
     </span>
     <span class='ocr_line' id='line_1_14' title="bbox 345 2078 1419 2168; baseline -0.003 -14"><span class='ocrx_word' id='word_1_105' title='bbox 345 2078 520 2154; x_wconf 82' lang='lat' dir='ltr'>Christum</span> <span class='ocrx_word' id='word_1_106' title='bbox 538 2096 617 2165; x_wconf 68' lang='lat' dir='ltr'>xta,</span> <span class='ocrx_word' id='word_1_107' title='bbox 634 2103 705 2155; x_wconf 83' lang='lat' dir='ltr'>non</span> <span class='ocrx_word' id='word_1_108' title='bbox 721 2094 879 2155; x_wconf 74' lang='lat' dir='ltr'>seoo&#39;ttxl</span> <span class='ocrx_word' id='word_1_109' title='bbox 894 2107 1002 2155; x_wconf 88' lang='lat' dir='ltr'>annos</span> <span class='ocrx_word' id='word_1_110' title='bbox 1022 2098 1141 2155; x_wconf 82' lang='lat' dir='ltr'>natum</span> <span class='ocrx_word' id='word_1_111' title='bbox 1157 2080 1275 2168; x_wconf 81' lang='lat' dir='ltr'>fuisse,</span> <span class='ocrx_word' id='word_1_112' title='bbox 1297 2079 1358 2153; x_wconf 91' lang='lat' dir='ltr'>illo</span> <span class='ocrx_word' id='word_1_113' title='bbox 1374 2078 1419 2152; x_wconf 86' lang='lat' dir='ltr'>la-</span> 
     </span>
     <span class='ocr_line' id='line_1_15' title="bbox 344 2194 1421 2299; baseline 0.002 -30"><span class='ocrx_word' id='word_1_114' title='bbox 344 2194 446 2269; x_wconf 82' lang='lat' dir='ltr'>bente</span> <span class='ocrx_word' id='word_1_115' title='bbox 460 2224 549 2269; x_wconf 88' lang='lat' dir='ltr'>anno</span> <span class='ocrx_word' id='word_1_116' title='bbox 560 2198 603 2269; x_wconf 89' lang='lat' dir='ltr'>U.</span> <span class='ocrx_word' id='word_1_117' title='bbox 616 2196 655 2271; x_wconf 84' lang='lat' dir='ltr'>C.</span> <span class='ocrx_word' id='word_1_118' title='bbox 666 2214 838 2285; x_wconf 69' lang='lat' dir='ltr'>ncaxxt,</span> <span class='ocrx_word' id='word_1_119' title='bbox 855 2196 1049 2297; x_wconf 78' lang='lat' dir='ltr'>Capitolino</span> <span class='ocrx_word' id='word_1_120' title='bbox 1062 2195 1195 2299; x_wconf 78' lang='lat' dir='ltr'>nempe,</span> <span class='ocrx_word' id='word_1_121' title='bbox 1204 2223 1243 2270; x_wconf 88' lang='lat' dir='ltr'>ac</span> <span class='ocrx_word' id='word_1_122' title='bbox 1253 2202 1421 2273; x_wconf 78' lang='lat' dir='ltr'>nocnxxtt</span> 
     </span>
     <span class='ocr_line' id='line_1_16' title="bbox 345 2312 1421 2416; baseline 0.004 -33"><span class='ocrx_word' id='word_1_123' title='bbox 345 2312 573 2402; x_wconf 80' lang='lat' dir='ltr'>Varroniano,</span> <span class='ocrx_word' id='word_1_124' title='bbox 584 2314 681 2413; x_wconf 73' lang='lat' dir='ltr'>nujus</span> <span class='ocrx_word' id='word_1_125' title='bbox 690 2313 833 2389; x_wconf 75' lang='lat' dir='ltr'>kalendis</span> <span class='ocrx_word' id='word_1_126' title='bbox 843 2314 1010 2391; x_wconf 74' lang='lat' dir='ltr'>lantsonis</span> <span class='ocrx_word' id='word_1_127' title='bbox 1021 2332 1155 2416; x_wconf 83' lang='lat' dir='ltr'>poetam</span> <span class='ocrx_word' id='word_1_128' title='bbox 1164 2314 1310 2401; x_wconf 81' lang='lat' dir='ltr'>obiisse,</span> <span class='ocrx_word' id='word_1_129' title='bbox 1324 2313 1421 2410; x_wconf 79' lang='lat' dir='ltr'>gratis</span> 
     </span>
     <span class='ocr_line' id='line_1_17' title="bbox 348 2426 1472 2527; baseline 0.003 -23"><span class='ocrx_word' id='word_1_130' title='bbox 348 2426 550 2506; x_wconf 86' lang='lat' dir='ltr'>adfirmatur.</span> <span class='ocrx_word' id='word_1_131' title='bbox 571 2432 641 2506; x_wconf 88' lang='lat' dir='ltr'>Nec</span> <span class='ocrx_word' id='word_1_132' title='bbox 656 2430 779 2507; x_wconf 84' lang='lat' dir='ltr'>certior</span> <span class='ocrx_word' id='word_1_133' title='bbox 793 2449 847 2508; x_wconf 83' lang='lat' dir='ltr'>cot</span> <span class='ocrx_word' id='word_1_134' title='bbox 862 2430 940 2509; x_wconf 62' lang='lat' dir='ltr'>thee</span> <span class='ocrx_word' id='word_1_135' title='bbox 959 2429 1086 2527; x_wconf 90' lang='grc' dir='ltr'><strong><em>ἅψαι</em></strong></span> <span class='ocrx_word' id='word_1_136' title='bbox 1102 2430 1241 2506; x_wconf 69' lang='lat' dir='ltr'>moenio</span> <span class='ocrx_word' id='word_1_137' title='bbox 1264 2461 1272 2503; x_wconf 90' lang='lat'><strong>:</strong></span> <span class='ocrx_word' id='word_1_138' title='bbox 1297 2465 1316 2495; x_wconf 76' lang='grc' dir='ltr'><strong><em>α</em></strong></span> <span class='ocrx_word' id='word_1_139' title='bbox 1336 2428 1422 2503; x_wconf 70' lang='lat' dir='ltr'>Vixit</span> <span class='ocrx_word' id='word_1_140' title='bbox 1471 2502 1472 2507; x_wconf 75' lang='grc'>,</span> 
     </span>
     <span class='ocr_line' id='line_1_18' title="bbox 350 2543 1424 2636; baseline 0.002 -20"><span class='ocrx_word' id='word_1_141' title='bbox 350 2577 368 2610; x_wconf 79' lang='lat' dir='ltr'>o</span> <span class='ocrx_word' id='word_1_142' title='bbox 387 2571 493 2620; x_wconf 90' lang='lat' dir='ltr'>annos</span> <span class='ocrx_word' id='word_1_143' title='bbox 510 2563 602 2636; x_wconf 75' lang='lat' dir='ltr'>LVII,</span> <span class='ocrx_word' id='word_1_144' title='bbox 620 2573 748 2620; x_wconf 82' lang='lat' dir='ltr'>ntenses</span> <span class='ocrx_word' id='word_1_145' title='bbox 766 2563 822 2636; x_wconf 75' lang='lat' dir='ltr'>tx,</span> <span class='ocrx_word' id='word_1_146' title='bbox 840 2544 911 2622; x_wconf 82' lang='lat' dir='ltr'>dies</span> <span class='ocrx_word' id='word_1_147' title='bbox 924 2564 974 2620; x_wconf 77' lang='grc' dir='ltr'><strong><em>ιιι.</em></strong></span> <span class='ocrx_word' id='word_1_148' title='bbox 994 2548 1035 2619; x_wconf 83' lang='lat' dir='ltr'>ln</span> <span class='ocrx_word' id='word_1_149' title='bbox 1049 2543 1167 2619; x_wconf 78' lang='lat' dir='ltr'>exsilio</span> <span class='ocrx_word' id='word_1_150' title='bbox 1183 2545 1308 2618; x_wconf 86' lang='lat' dir='ltr'>mansit</span> <span class='ocrx_word' id='word_1_151' title='bbox 1323 2571 1424 2620; x_wconf 87' lang='lat' dir='ltr'>annos</span> 
     </span>
     <span class='ocr_line' id='line_1_19' title="bbox 351 2658 1424 2762; baseline 0 -30"><span class='ocrx_word' id='word_1_152' title='bbox 351 2691 369 2724; x_wconf 68' lang='lat' dir='ltr'>&gt;a</span> <span class='ocrx_word' id='word_1_153' title='bbox 390 2676 535 2759; x_wconf 84' lang='lat' dir='ltr'>septem,</span> <span class='ocrx_word' id='word_1_154' title='bbox 552 2676 586 2733; x_wconf 85' lang='lat' dir='ltr'>et</span> <span class='ocrx_word' id='word_1_155' title='bbox 602 2658 672 2733; x_wconf 90' lang='lat' dir='ltr'>dies</span> <span class='ocrx_word' id='word_1_156' title='bbox 689 2679 763 2734; x_wconf 81' lang='lat' dir='ltr'>xxt.</span> <span class='ocrx_word' id='word_1_157' title='bbox 781 2659 886 2734; x_wconf 81' lang='lat' dir='ltr'>Periit</span> <span class='ocrx_word' id='word_1_158' title='bbox 900 2659 968 2735; x_wconf 85' lang='lat' dir='ltr'>kal.</span> <span class='ocrx_word' id='word_1_159' title='bbox 985 2660 1156 2747; x_wconf 80' lang='lat' dir='ltr'>lanuarii,</span> <span class='ocrx_word' id='word_1_160' title='bbox 1173 2687 1241 2762; x_wconf 86' lang='lat' dir='ltr'>qua</span> <span class='ocrx_word' id='word_1_161' title='bbox 1257 2660 1317 2733; x_wconf 86' lang='lat' dir='ltr'>die</span> <span class='ocrx_word' id='word_1_162' title='bbox 1331 2660 1424 2733; x_wconf 81' lang='lat' dir='ltr'>&#39;litus</span> 
     </span>
     <span class='ocr_line' id='line_1_20' title="bbox 353 2774 1424 2878; baseline 0.001 -31"><span class='ocrx_word' id='word_1_163' title='bbox 353 2809 371 2842; x_wconf 70' lang='lat' dir='ltr'>&gt;a</span> <span class='ocrx_word' id='word_1_164' title='bbox 393 2803 527 2878; x_wconf 91' lang='lat' dir='ltr'>quoque</span> <span class='ocrx_word' id='word_1_165' title='bbox 542 2774 656 2849; x_wconf 86' lang='lat' dir='ltr'>Livius</span> <span class='ocrx_word' id='word_1_166' title='bbox 674 2775 827 2851; x_wconf 79' lang='lat' dir='ltr'>decessit</span> <span class='ocrx_word' id='word_1_167' title='bbox 855 2811 873 2842; x_wconf 88' lang='lat'>»</span> <span class='ocrx_word' id='word_1_168' title='bbox 903 2779 1031 2852; x_wconf 84' lang='lat' dir='ltr'>Omnes</span> <span class='ocrx_word' id='word_1_169' title='bbox 1046 2778 1135 2852; x_wconf 79' lang='lat' dir='ltr'>enim</span> <span class='ocrx_word' id='word_1_170' title='bbox 1150 2777 1186 2850; x_wconf 85' lang='lat' dir='ltr'>hi</span> <span class='ocrx_word' id='word_1_171' title='bbox 1200 2778 1336 2852; x_wconf 86' lang='lat' dir='ltr'>numeri</span> <span class='ocrx_word' id='word_1_172' title='bbox 1352 2792 1424 2852; x_wconf 87' lang='lat' dir='ltr'>sunt</span> 
     </span>
     <span class='ocr_line' id='line_1_21' title="bbox 352 2889 1425 2994; baseline -0.001 -29"><span class='ocrx_word' id='word_1_173' title='bbox 352 2891 504 2980; x_wconf 85' lang='lat' dir='ltr'>erronei,</span> <span class='ocrx_word' id='word_1_174' title='bbox 522 2889 684 2992; x_wconf 86' lang='lat' dir='ltr'>facileque</span> <span class='ocrx_word' id='word_1_175' title='bbox 700 2919 738 2965; x_wconf 84' lang='lat' dir='ltr'>ex</span> <span class='ocrx_word' id='word_1_176' title='bbox 757 2893 990 2994; x_wconf 86' lang='lat' dir='ltr'>superioribus</span> <span class='ocrx_word' id='word_1_177' title='bbox 1005 2893 1183 2990; x_wconf 74' lang='lat' dir='ltr'>diligenter</span> <span class='ocrx_word' id='word_1_178' title='bbox 1198 2894 1363 2968; x_wconf 83' lang='lat' dir='ltr'>discussis</span> <span class='ocrx_word' id='word_1_179' title='bbox 1377 2891 1425 2966; x_wconf 92' lang='lat' dir='ltr'>di·</span> 
     </span>
     <span class='ocr_line' id='line_1_22' title="bbox 351 3007 1424 3112; baseline 0.002 -28"><span class='ocrx_word' id='word_1_180' title='bbox 351 3010 509 3098; x_wconf 87' lang='lat' dir='ltr'>luuntur;</span> <span class='ocrx_word' id='word_1_181' title='bbox 528 3009 691 3112; x_wconf 88' lang='lat' dir='ltr'>siquidem</span> <span class='ocrx_word' id='word_1_182' title='bbox 708 3011 827 3084; x_wconf 81' lang='lat' dir='ltr'>exinde</span> <span class='ocrx_word' id='word_1_183' title='bbox 845 3030 997 3100; x_wconf 85' lang='lat' dir='ltr'>constat,</span> <span class='ocrx_word' id='word_1_184' title='bbox 1020 3007 1200 3088; x_wconf 74' lang='lat' dir='ltr'>Nasonem</span> <span class='ocrx_word' id='word_1_185' title='bbox 1218 3033 1279 3087; x_wconf 69' lang='grc' dir='ltr'>ιιι(</span> <span class='ocrx_word' id='word_1_186' title='bbox 1302 3039 1424 3098; x_wconf 87' lang='lat' dir='ltr'>annos,</span> 
     </span>
     <span class='ocr_line' id='line_1_23' title="bbox 352 3129 1427 3231; baseline 0 -27"><span class='ocrx_word' id='word_1_187' title='bbox 352 3149 386 3204; x_wconf 88' lang='lat' dir='ltr'>et</span> <span class='ocrx_word' id='word_1_188' title='bbox 402 3129 531 3231; x_wconf 85' lang='lat' dir='ltr'>aliquot</span> <span class='ocrx_word' id='word_1_189' title='bbox 544 3130 680 3230; x_wconf 90' lang='lat' dir='ltr'>insuper</span> <span class='ocrx_word' id='word_1_190' title='bbox 692 3158 823 3204; x_wconf 86' lang='lat' dir='ltr'>menses</span> <span class='ocrx_word' id='word_1_191' title='bbox 838 3129 976 3219; x_wconf 75' lang='lat' dir='ltr'>vixisse,</span> <span class='ocrx_word' id='word_1_192' title='bbox 993 3149 1094 3231; x_wconf 89' lang='lat' dir='ltr'>atque</span> <span class='ocrx_word' id='word_1_193' title='bbox 1108 3149 1175 3203; x_wconf 80' lang='lat' dir='ltr'>vm</span> <span class='ocrx_word' id='word_1_194' title='bbox 1193 3140 1206 3168; x_wconf 88' lang='lat'>²</span> <span class='ocrx_word' id='word_1_195' title='bbox 1220 3129 1332 3204; x_wconf 81' lang='lat' dir='ltr'>exsilii</span> <span class='ocrx_word' id='word_1_196' title='bbox 1344 3156 1427 3204; x_wconf 88' lang='lat' dir='ltr'>anno</span> 
     </span>
     <span class='ocr_line' id='line_1_24' title="bbox 353 3245 1427 3348; baseline -0.002 -28"><span class='ocrx_word' id='word_1_197' title='bbox 353 3245 547 3334; x_wconf 86' lang='lat' dir='ltr'>decessisse,</span> <span class='ocrx_word' id='word_1_198' title='bbox 562 3263 637 3321; x_wconf 87' lang='lat' dir='ltr'>ante</span> <span class='ocrx_word' id='word_1_199' title='bbox 648 3247 807 3320; x_wconf 86' lang='lat' dir='ltr'>nimirum</span> <span class='ocrx_word' id='word_1_200' title='bbox 820 3246 1008 3348; x_wconf 73' lang='lat' dir='ltr'>&amp;plembris</span> <span class='ocrx_word' id='word_1_201' title='bbox 1021 3246 1169 3332; x_wconf 82' lang='lat' dir='ltr'>initium,</span> <span class='ocrx_word' id='word_1_202' title='bbox 1183 3274 1251 3347; x_wconf 90' lang='lat' dir='ltr'>quo</span> <span class='ocrx_word' id='word_1_203' title='bbox 1256 3247 1354 3345; x_wconf 83' lang='lat' dir='ltr'>juxta</span> <span class='ocrx_word' id='word_1_204' title='bbox 1362 3247 1427 3319; x_wconf 88' lang='lat' dir='ltr'>En·</span> 
     </span>
     <span class='ocr_line' id='line_1_25' title="bbox 353 3357 1426 3446; baseline 0 -8"><span class='ocrx_word' id='word_1_205' title='bbox 353 3363 480 3438; x_wconf 90' lang='lat' dir='ltr'>sebiani</span> <span class='ocrx_word' id='word_1_206' title='bbox 487 3363 647 3439; x_wconf 89' lang='lat' dir='ltr'>Chronici</span> <span class='ocrx_word' id='word_1_207' title='bbox 656 3361 802 3438; x_wconf 91' lang='lat' dir='ltr'>calculos</span> <span class='ocrx_word' id='word_1_208' title='bbox 813 3363 892 3438; x_wconf 85' lang='lat' dir='ltr'>exiit</span> <span class='ocrx_word' id='word_1_209' title='bbox 900 3393 1009 3440; x_wconf 89' lang='lat' dir='ltr'>annus</span> <span class='ocrx_word' id='word_1_210' title='bbox 1017 3357 1075 3436; x_wconf 89' lang='lat' dir='ltr'>ille</span> <span class='ocrx_word' id='word_1_211' title='bbox 1085 3361 1230 3438; x_wconf 71' lang='lat' dir='ltr'>Abrahae</span> <span class='ocrx_word' id='word_1_212' title='bbox 1238 3379 1426 3446; x_wconf 70' lang='lat' dir='ltr'>mmmm,</span> 
     </span>
     <span class='ocr_line' id='line_1_26' title="bbox 354 3481 1426 3584; baseline -0.003 -28"><span class='ocrx_word' id='word_1_213' title='bbox 354 3483 407 3556; x_wconf 91' lang='lat' dir='ltr'>cui</span> <span class='ocrx_word' id='word_1_214' title='bbox 427 3484 669 3584; x_wconf 83' lang='lat' dir='ltr'>Hieronymus,</span> <span class='ocrx_word' id='word_1_215' title='bbox 688 3481 836 3582; x_wconf 87' lang='lat' dir='ltr'>ejusdem</span> <span class='ocrx_word' id='word_1_216' title='bbox 851 3482 1012 3556; x_wconf 85' lang='lat' dir='ltr'>Chronici</span> <span class='ocrx_word' id='word_1_217' title='bbox 1029 3481 1269 3584; x_wconf 79' lang='lat' dir='ltr'>interpolator,</span> <span class='ocrx_word' id='word_1_218' title='bbox 1298 3483 1426 3557; x_wconf 80' lang='lat' dir='ltr'>Ovmll</span> 
     </span>
     <span class='ocr_line' id='line_1_27' title="bbox 354 3596 696 3694; baseline 0 -24"><span class='ocrx_word' id='word_1_219' title='bbox 354 3596 483 3672; x_wconf 88' lang='lat' dir='ltr'>obitum</span> <span class='ocrx_word' id='word_1_220' title='bbox 500 3597 696 3694; x_wconf 83' lang='lat' dir='ltr'>adsignavit.</span> 
     </span>
    </p>
   </div>
   <div class='ocr_carea' id='block_1_3' title="bbox 389 3750 612 3840">
    <p class='ocr_par' dir='ltr' id='par_1_3' title="bbox 389 3750 612 3840">
     <span class='ocr_line' id='line_1_28' title="bbox 389 3750 612 3840; baseline 0 -18"><span class='ocrx_word' id='word_1_221' title='bbox 389 3771 397 3802; x_wconf 94' lang='lat'>¹</span> <span class='ocrx_word' id='word_1_222' title='bbox 417 3769 487 3822; x_wconf 84' lang='lat' dir='ltr'>Loco</span> <span class='ocrx_word' id='word_1_223' title='bbox 498 3789 555 3840; x_wconf 82' lang='lat' dir='ltr'>sup.</span> <span class='ocrx_word' id='word_1_224' title='bbox 566 3750 612 3824; x_wconf 60' lang='lat' dir='ltr'>cit]</span> 
     </span>
    </p>
   </div>
   <div class='ocr_carea' id='block_1_4' title="bbox 355 3857 1430 4018">
    <p class='ocr_par' dir='ltr' id='par_1_4' title="bbox 355 3857 1430 4018">
     <span class='ocr_line' id='line_1_29' title="bbox 386 3857 1427 3930; baseline 0.001 -19"><span class='ocrx_word' id='word_1_225' title='bbox 386 3861 399 3891; x_wconf 82' lang='lat'>⁸</span> <span class='ocrx_word' id='word_1_226' title='bbox 417 3858 498 3927; x_wconf 87' lang='lat' dir='ltr'>Quod</span> <span class='ocrx_word' id='word_1_227' title='bbox 510 3858 578 3914; x_wconf 84' lang='lat' dir='ltr'>male</span> <span class='ocrx_word' id='word_1_228' title='bbox 587 3868 666 3929; x_wconf 76' lang='lat' dir='ltr'>negat</span> <span class='ocrx_word' id='word_1_229' title='bbox 678 3859 804 3930; x_wconf 74' lang='lat' dir='ltr'>Scaliger,</span> <span class='ocrx_word' id='word_1_230' title='bbox 817 3857 849 3913; x_wconf 87' lang='lat' dir='ltr'>ad</span> <span class='ocrx_word' id='word_1_231' title='bbox 864 3875 895 3913; x_wconf 83' lang='lat' dir='ltr'>tx</span> <span class='ocrx_word' id='word_1_232' title='bbox 909 3877 1011 3913; x_wconf 84' lang='lat' dir='ltr'>annum</span> <span class='ocrx_word' id='word_1_233' title='bbox 1022 3859 1157 3914; x_wconf 81' lang='lat' dir='ltr'>deducens</span> <span class='ocrx_word' id='word_1_234' title='bbox 1169 3859 1283 3915; x_wconf 80' lang='lat' dir='ltr'>Nasonis</span> <span class='ocrx_word' id='word_1_235' title='bbox 1294 3859 1427 3922; x_wconf 71' lang='lat' dir='ltr'>omilium,</span> 
     </span>
     <span class='ocr_line' id='line_1_30' title="bbox 355 3941 1430 4018; baseline 0 -22"><span class='ocrx_word' id='word_1_236' title='bbox 355 3941 480 3996; x_wconf 79' lang='lat' dir='ltr'>Animad.</span> <span class='ocrx_word' id='word_1_237' title='bbox 489 3941 515 3994; x_wconf 91' lang='lat' dir='ltr'>in</span> <span class='ocrx_word' id='word_1_238' title='bbox 527 3941 624 3996; x_wconf 86' lang='lat' dir='ltr'>Euseb.</span> <span class='ocrx_word' id='word_1_239' title='bbox 638 3941 741 3996; x_wconf 87' lang='lat' dir='ltr'>Chron.</span> <span class='ocrx_word' id='word_1_240' title='bbox 755 3963 811 4014; x_wconf 77' lang='lat' dir='ltr'>pag.</span> <span class='ocrx_word' id='word_1_241' title='bbox 828 3943 873 3996; x_wconf 75' lang='lat'>182</span> <span class='ocrx_word' id='word_1_242' title='bbox 883 3982 891 4008; x_wconf 94' lang='lat'>,</span> <span class='ocrx_word' id='word_1_243' title='bbox 903 3942 1047 4014; x_wconf 79' lang='lat' dir='ltr'>etquidem</span> <span class='ocrx_word' id='word_1_244' title='bbox 1058 3943 1163 4012; x_wconf 80' lang='lat' dir='ltr'>inritis,</span> <span class='ocrx_word' id='word_1_245' title='bbox 1175 3965 1241 4017; x_wconf 79' lang='lat' dir='ltr'>quas</span> <span class='ocrx_word' id='word_1_246' title='bbox 1250 3945 1365 4018; x_wconf 81' lang='lat' dir='ltr'>ipsemet</span> <span class='ocrx_word' id='word_1_247' title='bbox 1372 3951 1430 3998; x_wconf 79' lang='lat' dir='ltr'>aute</span> 
     </span>
    </p>
   </div>
   <div class='ocr_carea' id='block_1_5' title="bbox 354 4026 1140 4100">
    <p class='ocr_par' dir='ltr' id='par_1_5' title="bbox 354 4026 1140 4100">
     <span class='ocr_line' id='line_1_31' title="bbox 354 4026 1140 4100; baseline -0.001 -17"><span class='ocrx_word' id='word_1_248' title='bbox 354 4026 490 4100; x_wconf 68' lang='lat' dir='ltr'>adposuit,</span> <span class='ocrx_word' id='word_1_249' title='bbox 502 4027 664 4094; x_wconf 81' lang='lat' dir='ltr'>rationibus,</span> <span class='ocrx_word' id='word_1_250' title='bbox 676 4039 707 4082; x_wconf 88' lang='lat' dir='ltr'>ut</span> <span class='ocrx_word' id='word_1_251' title='bbox 717 4030 806 4083; x_wconf 88' lang='lat' dir='ltr'>statim</span> <span class='ocrx_word' id='word_1_252' title='bbox 816 4039 918 4084; x_wconf 87' lang='lat' dir='ltr'>attento</span> <span class='ocrx_word' id='word_1_253' title='bbox 931 4027 1022 4084; x_wconf 83' lang='lat' dir='ltr'>lectori</span> <span class='ocrx_word' id='word_1_254' title='bbox 1035 4029 1140 4100; x_wconf 82' lang='lat' dir='ltr'>patebit.</span> 
     </span>
    </p>
   </div>
   <div class='ocr_carea' id='block_1_6' title="bbox 702 4213 1090 4260">
    <p class='ocr_par' dir='ltr' id='par_1_6' title="bbox 702 4213 1090 4260">
     <span class='ocr_line' id='line_1_32' title="bbox 702 4213 1090 4260; baseline -0.003 -2"><span class='ocrx_word' id='word_1_255' title='bbox 702 4213 808 4260; x_wconf 74' lang='lat' dir='ltr'>rtttts</span> <span class='ocrx_word' id='word_1_256' title='bbox 830 4213 928 4260; x_wconf 73' lang='lat' dir='ltr'>VlTAE</span> <span class='ocrx_word' id='word_1_257' title='bbox 948 4214 1090 4259; x_wconf 81' lang='lat' dir='ltr'>ovum.</span> 
     </span>
    </p>
   </div>
   <div class='ocr_carea' id='block_1_7' title="bbox 0 0 1541 5000">
    <p class='ocr_par' dir='ltr' id='par_1_7' title="bbox 0 0 1541 5000">
     <span class='ocr_line' id='line_1_33' title="bbox 0 0 1541 5000; baseline 0 0"><span class='ocrx_word' id='word_1_258' title='bbox 0 0 1541 5000; x_wconf 95' lang='lat' dir='ltr'> </span> 
     </span>
    </p>
   </div>
  </div>
 </body>
</html>
