<?xml version="1.0" encoding="UTF-8"?>
<!DOCTYPE html PUBLIC "-//W3C//DTD XHTML 1.0 Transitional//EN"
    "http://www.w3.org/TR/xhtml1/DTD/xhtml1-transitional.dtd">
<html xmlns="http://www.w3.org/1999/xhtml" xml:lang="en" lang="en">
 <head>
  <title>
</title>
<meta http-equiv="Content-Type" content="text/html;charset=utf-8" />
  <meta name='ocr-system' content='tesseract 3.04.00' />
  <meta name='ocr-capabilities' content='ocr_page ocr_carea ocr_par ocr_line ocrx_word'/>
</head>
<body>
  <div class='ocr_page' id='page_1' title='image "./publiiovidiinas01unkngoog/publiiovidiinas01unkngoog_0213.png"; bbox 0 0 3017 5000; ppageno 0'>
   <div class='ocr_carea' id='block_1_1' title="bbox 310 450 1057 519">
    <p class='ocr_par' dir='ltr' id='par_1_1' title="bbox 310 450 1057 519">
     <span class='ocr_line' id='line_1_1' title="bbox 310 450 1057 519; baseline 0.008 -6"><span class='ocrx_word' id='word_1_1' title='bbox 310 470 374 514; x_wconf 80' lang='lat' dir='ltr'><strong>aua</strong></span> <span class='ocrx_word' id='word_1_2' title='bbox 650 450 688 515; x_wconf 91' lang='lat' dir='ltr'><strong>P.</strong></span> <span class='ocrx_word' id='word_1_3' title='bbox 718 450 898 519; x_wconf 80' lang='lat' dir='ltr'>OVlDll</span> <span class='ocrx_word' id='word_1_4' title='bbox 925 450 1057 519; x_wconf 80' lang='lat' dir='ltr'>VITA</span> 
     </span>
    </p>
   </div>
   <div class='ocr_carea' id='block_1_2' title="bbox 309 582 1392 1040">
    <p class='ocr_par' dir='ltr' id='par_1_2' title="bbox 309 582 1392 1040">
     <span class='ocr_line' id='line_1_2' title="bbox 310 582 1390 701; baseline 0.006 -40"><span class='ocrx_word' id='word_1_5' title='bbox 310 582 437 661; x_wconf 88' lang='lat' dir='ltr'><strong>Prioris</strong></span> <span class='ocrx_word' id='word_1_6' title='bbox 454 606 534 663; x_wconf 88' lang='lat' dir='ltr'><strong>sunt</strong></span> <span class='ocrx_word' id='word_1_7' title='bbox 549 589 680 685; x_wconf 78' lang='lat' dir='ltr'><strong>generis</strong></span> <span class='ocrx_word' id='word_1_8' title='bbox 694 590 817 686; x_wconf 71' lang='lat' dir='ltr'><strong>Elegia</strong></span> <span class='ocrx_word' id='word_1_9' title='bbox 833 608 862 665; x_wconf 89' lang='lat'><strong>11</strong></span> <span class='ocrx_word' id='word_1_10' title='bbox 877 608 911 665; x_wconf 88' lang='lat' dir='ltr'><strong>et</strong></span> <span class='ocrx_word' id='word_1_11' title='bbox 923 609 986 701; x_wconf 79' lang='lat' dir='ltr'><strong>ut,</strong></span> <span class='ocrx_word' id='word_1_12' title='bbox 1001 608 1036 665; x_wconf 89' lang='lat' dir='ltr'><strong>et</strong></span> <span class='ocrx_word' id='word_1_13' title='bbox 1051 590 1188 693; x_wconf 84' lang='lat' dir='ltr'><strong>quidem</strong></span> <span class='ocrx_word' id='word_1_14' title='bbox 1203 592 1390 667; x_wconf 77' lang='lat' dir='ltr'><strong>certissimo</strong></span> 
     </span>
     <span class='ocr_line' id='line_1_3' title="bbox 311 704 1392 810; baseline 0.006 -33"><span class='ocrx_word' id='word_1_15' title='bbox 311 704 507 778; x_wconf 79' lang='lat' dir='ltr'><strong>charactere.</strong></span> <span class='ocrx_word' id='word_1_16' title='bbox 527 705 718 781; x_wconf 87' lang='lat' dir='ltr'><strong>Turbidum</strong></span> <span class='ocrx_word' id='word_1_17' title='bbox 735 707 824 781; x_wconf 88' lang='lat' dir='ltr'><strong>enim</strong></span> <span class='ocrx_word' id='word_1_18' title='bbox 839 708 946 782; x_wconf 77' lang='lat' dir='ltr'><strong>rmus</strong></span> <span class='ocrx_word' id='word_1_19' title='bbox 962 734 1074 795; x_wconf 86' lang='lat' dir='ltr'><strong>mare,</strong></span> <span class='ocrx_word' id='word_1_20' title='bbox 1088 708 1182 810; x_wconf 83' lang='lat' dir='ltr'><strong>qnod</strong></span> <span class='ocrx_word' id='word_1_21' title='bbox 1197 708 1392 810; x_wconf 82' lang='lat' dir='ltr'><strong>patiebatur</strong></span> 
     </span>
     <span class='ocr_line' id='line_1_4' title="bbox 309 821 1392 929; baseline 0.005 -34"><span class='ocrx_word' id='word_1_22' title='bbox 309 821 373 895; x_wconf 86' lang='lat' dir='ltr'><strong>sub</strong></span> <span class='ocrx_word' id='word_1_23' title='bbox 388 822 608 918; x_wconf 82' lang='lat' dir='ltr'><strong>navigationis</strong></span> <span class='ocrx_word' id='word_1_24' title='bbox 619 823 770 913; x_wconf 91' lang='lat' dir='ltr'><strong>initium,</strong></span> <span class='ocrx_word' id='word_1_25' title='bbox 783 824 994 915; x_wconf 85' lang='lat' dir='ltr'><strong>describens,</strong></span> <span class='ocrx_word' id='word_1_26' title='bbox 1006 845 1039 901; x_wconf 87' lang='lat' dir='ltr'><strong>et</strong></span> <span class='ocrx_word' id='word_1_27' title='bbox 1048 823 1161 901; x_wconf 75' lang='lat' dir='ltr'><strong>saules</strong></span> <span class='ocrx_word' id='word_1_28' title='bbox 1171 844 1296 929; x_wconf 81' lang='lat' dir='ltr'><strong>optans</strong></span> <span class='ocrx_word' id='word_1_29' title='bbox 1308 854 1392 902; x_wconf 80' lang='lat' dir='ltr'><strong>ven·</strong></span> 
     </span>
     <span class='ocr_line' id='line_1_5' title="bbox 311 935 981 1040; baseline 0.006 -31"><span class='ocrx_word' id='word_1_30' title='bbox 311 952 384 1024; x_wconf 86' lang='lat' dir='ltr'><strong>tos,</strong></span> <span class='ocrx_word' id='word_1_31' title='bbox 400 935 460 1026; x_wconf 89' lang='lat' dir='ltr'><strong>ait,</strong></span> <span class='ocrx_word' id='word_1_32' title='bbox 479 936 572 1033; x_wconf 79' lang='lat' dir='ltr'><strong>Eteg.</strong></span> <span class='ocrx_word' id='word_1_33' title='bbox 591 955 642 1027; x_wconf 89' lang='lat' dir='ltr'><strong>lt,</strong></span> <span class='ocrx_word' id='word_1_34' title='bbox 659 968 741 1013; x_wconf 88' lang='lat' dir='ltr'><strong>vers.</strong></span> <span class='ocrx_word' id='word_1_35' title='bbox 761 966 806 1039; x_wconf 84' lang='lat'><strong>9¹</strong></span> <span class='ocrx_word' id='word_1_36' title='bbox 824 957 859 1014; x_wconf 88' lang='lat' dir='ltr'><strong>et</strong></span> <span class='ocrx_word' id='word_1_37' title='bbox 875 964 948 1040; x_wconf 81' lang='lat'><strong>92:</strong></span> <span class='ocrx_word' id='word_1_38' title='bbox 976 987 981 1005; x_wconf 59' lang='grc' dir='ltr'><strong><em>ι</em></strong></span> 
     </span>
    </p>
   </div>
   <div class='ocr_carea' id='block_1_3' title="bbox 479 1072 1183 1253">
    <p class='ocr_par' dir='ltr' id='par_1_3' title="bbox 479 1072 1183 1253">
     <span class='ocr_line' id='line_1_6' title="bbox 479 1072 1183 1164; baseline 0.009 -20"><span class='ocrx_word' id='word_1_39' title='bbox 479 1092 575 1159; x_wconf 83' lang='lat' dir='ltr'><strong>Ferte,</strong></span> <span class='ocrx_word' id='word_1_40' title='bbox 589 1090 653 1161; x_wconf 78' lang='lat' dir='ltr'><strong>quid</strong></span> <span class='ocrx_word' id='word_1_41' title='bbox 666 1092 709 1146; x_wconf 86' lang='lat' dir='ltr'><strong>bic</strong></span> <span class='ocrx_word' id='word_1_42' title='bbox 718 1072 804 1146; x_wconf 70' lang='lat' dir='ltr'><strong>sado?</strong></span> <span class='ocrx_word' id='word_1_43' title='bbox 818 1093 904 1164; x_wconf 72' lang='lat' dir='ltr'><strong>rapidi</strong></span> <span class='ocrx_word' id='word_1_44' title='bbox 916 1112 976 1148; x_wconf 80' lang='lat' dir='ltr'><strong>mea</strong></span> <span class='ocrx_word' id='word_1_45' title='bbox 987 1095 1092 1149; x_wconf 72' lang='lat' dir='ltr'><strong>carbasa</strong></span> <span class='ocrx_word' id='word_1_46' title='bbox 1101 1094 1183 1150; x_wconf 80' lang='lat' dir='ltr'><strong>venti.</strong></span> 
     </span>
     <span class='ocr_line' id='line_1_7' title="bbox 506 1184 1036 1253; baseline 0.008 -16"><span class='ocrx_word' id='word_1_47' title='bbox 506 1184 710 1253; x_wconf 70' lang='lat' dir='ltr'><strong>Amurbsfines</strong></span> <span class='ocrx_word' id='word_1_48' title='bbox 722 1205 771 1239; x_wconf 79' lang='lat' dir='ltr'><strong>cur</strong></span> <span class='ocrx_word' id='word_1_49' title='bbox 781 1204 840 1239; x_wconf 83' lang='lat' dir='ltr'><strong>mea</strong></span> <span class='ocrx_word' id='word_1_50' title='bbox 853 1185 911 1240; x_wconf 74' lang='lat' dir='ltr'><strong>reia</strong></span> <span class='ocrx_word' id='word_1_51' title='bbox 921 1185 1013 1241; x_wconf 68' lang='lat' dir='ltr'><strong>uident</strong></span> <span class='ocrx_word' id='word_1_52' title='bbox 1023 1186 1036 1241; x_wconf 74' lang='lat' dir='ltr'><strong>i</strong></span> 
     </span>
    </p>
   </div>
   <div class='ocr_carea' id='block_1_4' title="bbox 307 1312 751 1399">
    <p class='ocr_par' dir='ltr' id='par_1_4' title="bbox 307 1312 751 1399">
     <span class='ocr_line' id='line_1_8' title="bbox 307 1312 751 1399; baseline 0 -14"><span class='ocrx_word' id='word_1_53' title='bbox 307 1312 421 1387; x_wconf 84' lang='lat' dir='ltr'><strong>Tertia</strong></span> <span class='ocrx_word' id='word_1_54' title='bbox 438 1338 536 1399; x_wconf 86' lang='lat' dir='ltr'><strong>vero,</strong></span> <span class='ocrx_word' id='word_1_55' title='bbox 553 1340 638 1386; x_wconf 80' lang='lat' dir='ltr'><strong>vers.</strong></span> <span class='ocrx_word' id='word_1_56' title='bbox 658 1312 726 1385; x_wconf 91' lang='lat'><strong>105</strong></span> <span class='ocrx_word' id='word_1_57' title='bbox 743 1345 751 1386; x_wconf 91' lang='lat'>:</span> 
     </span>
    </p>
   </div>
   <div class='ocr_carea' id='block_1_5' title="bbox 474 1456 1232 1531">
    <p class='ocr_par' dir='ltr' id='par_1_5' title="bbox 474 1456 1232 1531">
     <span class='ocr_line' id='line_1_9' title="bbox 474 1456 1232 1531; baseline 0.004 -18"><span class='ocrx_word' id='word_1_58' title='bbox 474 1456 531 1513; x_wconf 85' lang='lat' dir='ltr'><strong>Nos</strong></span> <span class='ocrx_word' id='word_1_59' title='bbox 543 1470 633 1513; x_wconf 84' lang='lat' dir='ltr'><strong>tamen</strong></span> <span class='ocrx_word' id='word_1_60' title='bbox 646 1462 745 1513; x_wconf 76' lang='lat' dir='ltr'><strong>Ionium</strong></span> <span class='ocrx_word' id='word_1_61' title='bbox 757 1476 813 1513; x_wconf 87' lang='lat' dir='ltr'><strong>non</strong></span> <span class='ocrx_word' id='word_1_62' title='bbox 830 1468 921 1514; x_wconf 82' lang='lat' dir='ltr'><strong>nostra</strong></span> <span class='ocrx_word' id='word_1_63' title='bbox 935 1458 1063 1514; x_wconf 81' lang='lat' dir='ltr'><strong>findimus</strong></span> <span class='ocrx_word' id='word_1_64' title='bbox 1074 1477 1168 1531; x_wconf 76' lang='lat' dir='ltr'><strong>equor,</strong></span> <span class='ocrx_word' id='word_1_65' title='bbox 1184 1471 1232 1516; x_wconf 81' lang='lat' dir='ltr'><strong>etc</strong></span> 
     </span>
    </p>
   </div>
   <div class='ocr_carea' id='block_1_6' title="bbox 309 1604 692 1661">
    <p class='ocr_par' dir='ltr' id='par_1_6' title="bbox 309 1604 692 1661">
     <span class='ocr_line' id='line_1_10' title="bbox 309 1604 692 1661; baseline -0.003 0"><span class='ocrx_word' id='word_1_66' title='bbox 309 1604 343 1661; x_wconf 91' lang='lat' dir='ltr'><strong>et</strong></span> <span class='ocrx_word' id='word_1_67' title='bbox 360 1612 443 1661; x_wconf 85' lang='lat' dir='ltr'><strong>vers.</strong></span> <span class='ocrx_word' id='word_1_68' title='bbox 466 1613 529 1660; x_wconf 87' lang='lat'><strong>121</strong></span> <span class='ocrx_word' id='word_1_69' title='bbox 550 1604 583 1661; x_wconf 87' lang='lat' dir='ltr'><strong>et</strong></span> <span class='ocrx_word' id='word_1_70' title='bbox 604 1612 692 1660; x_wconf 85' lang='lat'>122:</span> 
     </span>
    </p>
   </div>
   <div class='ocr_carea' id='block_1_7' title="bbox 475 1734 1117 1885">
    <p class='ocr_par' dir='ltr' id='par_1_7' title="bbox 475 1734 1117 1885">
     <span class='ocr_line' id='line_1_11' title="bbox 475 1734 1117 1809; baseline 0.005 -19"><span class='ocrx_word' id='word_1_71' title='bbox 475 1734 545 1790; x_wconf 83' lang='lat' dir='ltr'><strong>Nam</strong></span> <span class='ocrx_word' id='word_1_72' title='bbox 558 1734 662 1805; x_wconf 84' lang='lat' dir='ltr'><strong>procul,</strong></span> <span class='ocrx_word' id='word_1_73' title='bbox 675 1738 788 1809; x_wconf 71' lang='lat' dir='ltr'><em>Illyricis</em></span> <span class='ocrx_word' id='word_1_74' title='bbox 798 1736 863 1790; x_wconf 75' lang='lat' dir='ltr'><strong>laeva</strong></span> <span class='ocrx_word' id='word_1_75' title='bbox 875 1735 908 1790; x_wconf 87' lang='lat' dir='ltr'><strong>de</strong></span> <span class='ocrx_word' id='word_1_76' title='bbox 918 1747 994 1806; x_wconf 82' lang='lat' dir='ltr'><strong>parte</strong></span> <span class='ocrx_word' id='word_1_77' title='bbox 1005 1742 1102 1793; x_wconf 79' lang='lat' dir='ltr'><strong>relr&#39;ctr&#39;s</strong></span> <span class='ocrx_word' id='word_1_78' title='bbox 1108 1780 1117 1804; x_wconf 89' lang='lat'><strong>,</strong></span> 
     </span>
     <span class='ocr_line' id='line_1_12' title="bbox 508 1824 1006 1885; baseline 0.004 -2"><span class='ocrx_word' id='word_1_79' title='bbox 508 1826 653 1883; x_wconf 88' lang='lat' dir='ltr'><strong>Interdicta</strong></span> <span class='ocrx_word' id='word_1_80' title='bbox 666 1824 731 1882; x_wconf 90' lang='lat' dir='ltr'><strong>mibi</strong></span> <span class='ocrx_word' id='word_1_81' title='bbox 743 1833 854 1882; x_wconf 75' lang='lat' dir='ltr'><strong>cernitur</strong></span> <span class='ocrx_word' id='word_1_82' title='bbox 864 1830 945 1883; x_wconf 77' lang='lat' dir='ltr'><strong>Italia</strong></span> <span class='ocrx_word' id='word_1_83' title='bbox 956 1840 1006 1885; x_wconf 82' lang='lat' dir='ltr'><strong>etc.</strong></span> 
     </span>
    </p>
   </div>
   <div class='ocr_carea' id='block_1_8' title="bbox 307 1955 1394 4042">
    <p class='ocr_par' dir='ltr' id='par_1_8' title="bbox 307 1955 1394 3322">
     <span class='ocr_line' id='line_1_13' title="bbox 308 1955 1392 2058; baseline 0.003 -26"><span class='ocrx_word' id='word_1_84' title='bbox 308 1957 475 2058; x_wconf 86' lang='lat' dir='ltr'><strong>Equidem</strong></span> <span class='ocrx_word' id='word_1_85' title='bbox 491 1956 532 2031; x_wconf 90' lang='lat' dir='ltr'><strong>cl.</strong></span> <span class='ocrx_word' id='word_1_86' title='bbox 552 1957 675 2058; x_wconf 81' lang='lat' dir='ltr'><strong>Tonoq.</strong></span> <span class='ocrx_word' id='word_1_87' title='bbox 690 1955 801 2030; x_wconf 81' lang='lat' dir='ltr'><em>Faber</em></span> <span class='ocrx_word' id='word_1_88' title='bbox 820 1965 829 1995; x_wconf 90' lang='lat'><strong>¹</strong></span> <span class='ocrx_word' id='word_1_89' title='bbox 848 1956 1090 2047; x_wconf 81' lang='lat' dir='ltr'><strong>contendebat,</strong></span> <span class='ocrx_word' id='word_1_90' title='bbox 1107 1957 1280 2034; x_wconf 83' lang='lat' dir='ltr'><strong>exordium</strong></span> <span class='ocrx_word' id='word_1_91' title='bbox 1294 1988 1392 2035; x_wconf 78' lang='lat' dir='ltr'><strong>novae</strong></span> 
     </span>
     <span class='ocr_line' id='line_1_14' title="bbox 308 2074 1389 2178; baseline 0.002 -27"><span class='ocrx_word' id='word_1_92' title='bbox 308 2092 494 2178; x_wconf 76' lang='lat' dir='ltr'><strong>qunnoeque</strong></span> <span class='ocrx_word' id='word_1_93' title='bbox 507 2074 630 2171; x_wconf 70' lang='lat' dir='ltr'><strong>Elegiae</strong></span> <span class='ocrx_word' id='word_1_94' title='bbox 640 2103 657 2148; x_wconf 89' lang='lat' dir='ltr'><strong>a</strong></span> <span class='ocrx_word' id='word_1_95' title='bbox 668 2102 716 2148; x_wconf 86' lang='lat' dir='ltr'><strong>vs.</strong></span> <span class='ocrx_word' id='word_1_96' title='bbox 737 2074 820 2161; x_wconf 74' lang='lat' dir='ltr'><strong>rod,</strong></span> <span class='ocrx_word' id='word_1_97' title='bbox 835 2074 1040 2165; x_wconf 85' lang='lat' dir='ltr'><strong>faciendum,</strong></span> <span class='ocrx_word' id='word_1_98' title='bbox 1058 2076 1153 2177; x_wconf 83' lang='lat' dir='ltr'><strong>qued</strong></span> <span class='ocrx_word' id='word_1_99' title='bbox 1165 2094 1200 2151; x_wconf 93' lang='lat' dir='ltr'><strong>et</strong></span> <span class='ocrx_word' id='word_1_100' title='bbox 1213 2076 1263 2152; x_wconf 89' lang='lat' dir='ltr'><strong>ill.</strong></span> <span class='ocrx_word' id='word_1_101' title='bbox 1277 2079 1389 2155; x_wconf 82' lang='lat' dir='ltr'><strong>Nicol.</strong></span> 
     </span>
     <span class='ocr_line' id='line_1_15' title="bbox 310 2189 1392 2295; baseline 0 -28"><span class='ocrx_word' id='word_1_102' title='bbox 310 2190 459 2267; x_wconf 79' lang='lat' dir='ltr'><strong>Heinsius</strong></span> <span class='ocrx_word' id='word_1_103' title='bbox 475 2189 671 2265; x_wconf 83' lang='lat' dir='ltr'><strong>adfirmabat</strong></span> <span class='ocrx_word' id='word_1_104' title='bbox 685 2218 727 2262; x_wconf 78' lang='lat' dir='ltr'><strong>ex</strong></span> <span class='ocrx_word' id='word_1_105' title='bbox 734 2189 809 2291; x_wconf 82' lang='lat' dir='ltr'><strong>fide</strong></span> <span class='ocrx_word' id='word_1_106' title='bbox 827 2191 1051 2292; x_wconf 59' lang='lat' dir='ltr'><strong>castrisutrbrum</strong></span> <span class='ocrx_word' id='word_1_107' title='bbox 1075 2190 1226 2279; x_wconf 59' lang='lat' dir='ltr'><strong>cedrium</strong></span> <span class='ocrx_word' id='word_1_108' title='bbox 1242 2208 1392 2295; x_wconf 85' lang='lat' dir='ltr'><strong>quorum</strong></span> 
     </span>
     <span class='ocr_line' id='line_1_16' title="bbox 310 2305 1393 2412; baseline 0 -27"><span class='ocrx_word' id='word_1_109' title='bbox 310 2328 420 2385; x_wconf 89' lang='lat' dir='ltr'><strong>tamen</strong></span> <span class='ocrx_word' id='word_1_110' title='bbox 437 2336 611 2383; x_wconf 90' lang='lat' dir='ltr'><strong>numerum</strong></span> <span class='ocrx_word' id='word_1_111' title='bbox 630 2306 722 2381; x_wconf 91' lang='lat' dir='ltr'><strong>haud</strong></span> <span class='ocrx_word' id='word_1_112' title='bbox 744 2305 889 2407; x_wconf 86' lang='lat' dir='ltr'><strong>amplius</strong></span> <span class='ocrx_word' id='word_1_113' title='bbox 910 2308 1044 2382; x_wconf 86' lang='lat' dir='ltr'><strong>indicat</strong></span> <span class='ocrx_word' id='word_1_114' title='bbox 1069 2310 1196 2383; x_wconf 83' lang='lat' dir='ltr'><strong>Verum</strong></span> <span class='ocrx_word' id='word_1_115' title='bbox 1223 2309 1393 2412; x_wconf 91' lang='lat' dir='ltr'><strong>quidquid</strong></span> 
     </span>
     <span class='ocr_line' id='line_1_17' title="bbox 309 2420 1394 2527; baseline 0.004 -27"><span class='ocrx_word' id='word_1_116' title='bbox 309 2425 524 2501; x_wconf 88' lang='lat' dir='ltr'><strong>doctissimus</strong></span> <span class='ocrx_word' id='word_1_117' title='bbox 535 2422 591 2500; x_wconf 85' lang='lat' dir='ltr'><strong>itte</strong></span> <span class='ocrx_word' id='word_1_118' title='bbox 602 2424 653 2498; x_wconf 84' lang='lat' dir='ltr'><strong>vir</strong></span> <span class='ocrx_word' id='word_1_119' title='bbox 665 2424 772 2514; x_wconf 89' lang='lat' dir='ltr'><strong>dieat,</strong></span> <span class='ocrx_word' id='word_1_120' title='bbox 790 2420 882 2500; x_wconf 84' lang='lat' dir='ltr'><strong>nulia</strong></span> <span class='ocrx_word' id='word_1_121' title='bbox 895 2454 934 2500; x_wconf 82' lang='lat' dir='ltr'><strong>ex</strong></span> <span class='ocrx_word' id='word_1_122' title='bbox 946 2424 1021 2527; x_wconf 86' lang='lat' dir='ltr'><strong>ipso</strong></span> <span class='ocrx_word' id='word_1_123' title='bbox 1036 2424 1179 2500; x_wconf 83' lang='lat' dir='ltr'><strong>carmine</strong></span> <span class='ocrx_word' id='word_1_124' title='bbox 1192 2453 1309 2516; x_wconf 87' lang='lat' dir='ltr'><strong>causa,</strong></span> <span class='ocrx_word' id='word_1_125' title='bbox 1326 2456 1394 2505; x_wconf 87' lang='lat' dir='ltr'><strong>nus</strong></span> 
     </span>
     <span class='ocr_line' id='line_1_18' title="bbox 309 2539 1394 2640; baseline 0.003 -23"><span class='ocrx_word' id='word_1_126' title='bbox 309 2543 495 2619; x_wconf 88' lang='lat' dir='ltr'><strong>necessario</strong></span> <span class='ocrx_word' id='word_1_127' title='bbox 519 2542 633 2638; x_wconf 83' lang='lat' dir='ltr'><strong>cogit,</strong></span> <span class='ocrx_word' id='word_1_128' title='bbox 651 2559 691 2616; x_wconf 91' lang='lat' dir='ltr'><strong>ut</strong></span> <span class='ocrx_word' id='word_1_129' title='bbox 706 2539 856 2638; x_wconf 81' lang='lat' dir='ltr'><strong>Elegiam</strong></span> <span class='ocrx_word' id='word_1_130' title='bbox 872 2540 908 2616; x_wconf 89' lang='lat' dir='ltr'><strong>in</strong></span> <span class='ocrx_word' id='word_1_131' title='bbox 924 2543 1120 2640; x_wconf 83' lang='lat' dir='ltr'><strong>vulgaribus</strong></span> <span class='ocrx_word' id='word_1_132' title='bbox 1137 2545 1311 2620; x_wconf 88' lang='lat' dir='ltr'><strong>codicibus</strong></span> <span class='ocrx_word' id='word_1_133' title='bbox 1326 2561 1394 2620; x_wconf 80' lang='lat' dir='ltr'><strong>ter-</strong></span> 
     </span>
     <span class='ocr_line' id='line_1_19' title="bbox 308 2657 1393 2764; baseline 0.002 -31"><span class='ocrx_word' id='word_1_134' title='bbox 308 2663 381 2734; x_wconf 78' lang='lat' dir='ltr'><strong>tium</strong></span> <span class='ocrx_word' id='word_1_135' title='bbox 399 2662 432 2735; x_wconf 93' lang='lat' dir='ltr'><strong>in</strong></span> <span class='ocrx_word' id='word_1_136' title='bbox 452 2661 535 2735; x_wconf 86' lang='lat' dir='ltr'><strong>duas</strong></span> <span class='ocrx_word' id='word_1_137' title='bbox 552 2657 775 2734; x_wconf 83' lang='lat' dir='ltr'><strong>diffindamus.</strong></span> <span class='ocrx_word' id='word_1_138' title='bbox 796 2657 913 2734; x_wconf 86' lang='lat' dir='ltr'><strong>Potuit</strong></span> <span class='ocrx_word' id='word_1_139' title='bbox 929 2677 1017 2735; x_wconf 86' lang='lat' dir='ltr'><strong>certe</strong></span> <span class='ocrx_word' id='word_1_140' title='bbox 1032 2679 1124 2737; x_wconf 84' lang='lat' dir='ltr'><strong>vates</strong></span> <span class='ocrx_word' id='word_1_141' title='bbox 1148 2659 1290 2735; x_wconf 85' lang='lat' dir='ltr'><strong>maxima</strong></span> <span class='ocrx_word' id='word_1_142' title='bbox 1306 2689 1393 2764; x_wconf 87' lang='lat' dir='ltr'><strong>poe-</strong></span> 
     </span>
     <span class='ocr_line' id='line_1_20' title="bbox 307 2774 1392 2878; baseline 0.001 -28"><span class='ocrx_word' id='word_1_143' title='bbox 307 2775 402 2850; x_wconf 88' lang='lat' dir='ltr'><strong>matii</strong></span> <span class='ocrx_word' id='word_1_144' title='bbox 412 2792 506 2876; x_wconf 89' lang='lat' dir='ltr'><strong>parte</strong></span> <span class='ocrx_word' id='word_1_145' title='bbox 516 2774 709 2849; x_wconf 88' lang='lat' dir='ltr'><strong>memoriam</strong></span> <span class='ocrx_word' id='word_1_146' title='bbox 722 2802 837 2848; x_wconf 85' lang='lat' dir='ltr'><strong>earum</strong></span> <span class='ocrx_word' id='word_1_147' title='bbox 850 2793 1014 2876; x_wconf 87' lang='lat' dir='ltr'><strong>repetere,</strong></span> <span class='ocrx_word' id='word_1_148' title='bbox 1029 2803 1103 2878; x_wconf 76' lang='lat' dir='ltr'><strong>que</strong></span> <span class='ocrx_word' id='word_1_149' title='bbox 1119 2774 1185 2851; x_wconf 89' lang='lat' dir='ltr'><strong>sibi</strong></span> <span class='ocrx_word' id='word_1_150' title='bbox 1199 2793 1392 2864; x_wconf 86' lang='lat' dir='ltr'><strong>evenerant,</strong></span> 
     </span>
     <span class='ocr_line' id='line_1_21' title="bbox 309 2890 1393 2994; baseline 0.003 -28"><span class='ocrx_word' id='word_1_151' title='bbox 309 2921 414 2994; x_wconf 92' lang='lat' dir='ltr'><strong>quum</strong></span> <span class='ocrx_word' id='word_1_152' title='bbox 432 2895 542 2971; x_wconf 81' lang='lat' dir='ltr'><strong>Roma</strong></span> <span class='ocrx_word' id='word_1_153' title='bbox 558 2909 645 2967; x_wconf 88' lang='lat' dir='ltr'><strong>esset</strong></span> <span class='ocrx_word' id='word_1_154' title='bbox 662 2892 697 2967; x_wconf 91' lang='lat' dir='ltr'><strong>in</strong></span> <span class='ocrx_word' id='word_1_155' title='bbox 716 2890 870 2966; x_wconf 82' lang='lat' dir='ltr'><strong>exsilium</strong></span> <span class='ocrx_word' id='word_1_156' title='bbox 886 2891 1059 2981; x_wconf 82' lang='lat' dir='ltr'><strong>abitums3</strong></span> <span class='ocrx_word' id='word_1_157' title='bbox 1079 2909 1113 2966; x_wconf 83' lang='lat' dir='ltr'><strong>et</strong></span> <span class='ocrx_word' id='word_1_158' title='bbox 1132 2911 1242 2966; x_wconf 90' lang='lat' dir='ltr'><strong>tamen</strong></span> <span class='ocrx_word' id='word_1_159' title='bbox 1258 2893 1300 2969; x_wconf 88' lang='lat' dir='ltr'><strong>ab</strong></span> <span class='ocrx_word' id='word_1_160' title='bbox 1323 2894 1393 2969; x_wconf 83' lang='lat' dir='ltr'><strong>isto</strong></span> 
     </span>
     <span class='ocr_line' id='line_1_22' title="bbox 309 3007 1393 3111; baseline 0.004 -31"><span class='ocrx_word' id='word_1_161' title='bbox 309 3039 407 3084; x_wconf 83' lang='lat' dir='ltr'><strong>versu</strong></span> <span class='ocrx_word' id='word_1_162' title='bbox 437 3008 504 3084; x_wconf 83' lang='lat'><strong>103</strong></span> <span class='ocrx_word' id='word_1_163' title='bbox 528 3008 686 3084; x_wconf 86' lang='lat' dir='ltr'><strong>adfinem</strong></span> <span class='ocrx_word' id='word_1_164' title='bbox 702 3036 831 3110; x_wconf 90' lang='lat' dir='ltr'><strong>usqne,</strong></span> <span class='ocrx_word' id='word_1_165' title='bbox 854 3037 894 3084; x_wconf 88' lang='lat' dir='ltr'><strong>ea</strong></span> <span class='ocrx_word' id='word_1_166' title='bbox 918 3007 1128 3099; x_wconf 85' lang='lat' dir='ltr'><strong>describere,</strong></span> <span class='ocrx_word' id='word_1_167' title='bbox 1155 3035 1229 3111; x_wconf 77' lang='lat' dir='ltr'><strong>qna</strong></span> <span class='ocrx_word' id='word_1_168' title='bbox 1249 3011 1287 3083; x_wconf 89' lang='lat' dir='ltr'><strong>in</strong></span> <span class='ocrx_word' id='word_1_169' title='bbox 1305 3010 1393 3084; x_wconf 87' lang='lat' dir='ltr'><strong>mari</strong></span> 
     </span>
     <span class='ocr_line' id='line_1_23' title="bbox 309 3126 1392 3229; baseline 0.002 -30"><span class='ocrx_word' id='word_1_170' title='bbox 309 3126 504 3217; x_wconf 80' lang='lat' dir='ltr'><strong>Adriatico,</strong></span> <span class='ocrx_word' id='word_1_171' title='bbox 522 3127 736 3203; x_wconf 83' lang='lat' dir='ltr'><strong>saevientibus</strong></span> <span class='ocrx_word' id='word_1_172' title='bbox 753 3127 881 3217; x_wconf 77' lang='lat' dir='ltr'><strong>ventis,</strong></span> <span class='ocrx_word' id='word_1_173' title='bbox 898 3145 971 3202; x_wconf 90' lang='lat' dir='ltr'><strong>tum</strong></span> <span class='ocrx_word' id='word_1_174' title='bbox 986 3143 1175 3229; x_wconf 89' lang='lat' dir='ltr'><strong>pateretur,</strong></span> <span class='ocrx_word' id='word_1_175' title='bbox 1197 3154 1302 3228; x_wconf 88' lang='lat' dir='ltr'><strong>quum</strong></span> <span class='ocrx_word' id='word_1_176' title='bbox 1318 3127 1392 3201; x_wconf 70' lang='lat' dir='ltr'><strong>bac</strong></span> 
     </span>
     <span class='ocr_line' id='line_1_24' title="bbox 309 3244 636 3322; baseline 0.006 -3"><span class='ocrx_word' id='word_1_177' title='bbox 309 3244 469 3321; x_wconf 88' lang='lat' dir='ltr'><strong>conderet</strong></span> <span class='ocrx_word' id='word_1_178' title='bbox 483 3247 636 3322; x_wconf 88' lang='lat' dir='ltr'><strong>carmina.</strong></span> 
     </span>
    </p>

    <p class='ocr_par' dir='ltr' id='par_1_9' title="bbox 310 3362 1393 4042">
     <span class='ocr_line' id='line_1_25' title="bbox 359 3362 1391 3466; baseline -0.002 -28"><span class='ocrx_word' id='word_1_179' title='bbox 359 3367 408 3439; x_wconf 74' lang='lat' dir='ltr'><strong>Aa</strong></span> <span class='ocrx_word' id='word_1_180' title='bbox 431 3363 555 3463; x_wconf 75' lang='lat' dir='ltr'><strong>Elegia</strong></span> <span class='ocrx_word' id='word_1_181' title='bbox 578 3387 617 3442; x_wconf 88' lang='lat' dir='ltr'><strong>lx</strong></span> <span class='ocrx_word' id='word_1_182' title='bbox 632 3395 670 3441; x_wconf 87' lang='lat' dir='ltr'><strong>ac</strong></span> <span class='ocrx_word' id='word_1_183' title='bbox 687 3387 710 3441; x_wconf 84' lang='lat' dir='ltr'>x</span> <span class='ocrx_word' id='word_1_184' title='bbox 727 3393 767 3440; x_wconf 84' lang='lat' dir='ltr'><strong>ex</strong></span> <span class='ocrx_word' id='word_1_185' title='bbox 781 3362 850 3439; x_wconf 88' lang='lat' dir='ltr'><strong>illis</strong></span> <span class='ocrx_word' id='word_1_186' title='bbox 866 3381 962 3453; x_wconf 84' lang='lat' dir='ltr'><strong>sunt,</strong></span> <span class='ocrx_word' id='word_1_187' title='bbox 985 3391 1068 3466; x_wconf 90' lang='lat' dir='ltr'><strong>quas</strong></span> <span class='ocrx_word' id='word_1_188' title='bbox 1083 3363 1207 3439; x_wconf 85' lang='lat' dir='ltr'><strong>Noster</strong></span> <span class='ocrx_word' id='word_1_189' title='bbox 1222 3363 1391 3453; x_wconf 82' lang='lat' dir='ltr'><strong>exaravit,</strong></span> 
     </span>
     <span class='ocr_line' id='line_1_26' title="bbox 310 3478 1392 3584; baseline 0 -29"><span class='ocrx_word' id='word_1_190' title='bbox 310 3499 489 3584; x_wconf 87' lang='lat' dir='ltr'><strong>postquam</strong></span> <span class='ocrx_word' id='word_1_191' title='bbox 508 3481 656 3558; x_wconf 84' lang='lat' dir='ltr'><strong>Cenchn&#39;s</strong></span> <span class='ocrx_word' id='word_1_192' title='bbox 670 3482 808 3558; x_wconf 88' lang='lat' dir='ltr'><strong>alteram</strong></span> <span class='ocrx_word' id='word_1_193' title='bbox 822 3481 1027 3557; x_wconf 84' lang='lat' dir='ltr'><strong>ascendisset</strong></span> <span class='ocrx_word' id='word_1_194' title='bbox 1040 3483 1151 3556; x_wconf 82' lang='lat' dir='ltr'><strong>navim</strong></span> <span class='ocrx_word' id='word_1_195' title='bbox 1168 3512 1176 3555; x_wconf 76' lang='grc' dir='ltr'><strong>ε</strong></span> <span class='ocrx_word' id='word_1_196' title='bbox 1195 3497 1234 3556; x_wconf 79' lang='lat' dir='ltr'><strong>tx</strong></span> <span class='ocrx_word' id='word_1_197' title='bbox 1254 3478 1392 3584; x_wconf 85' lang='lat' dir='ltr'><strong>quidem</strong></span> 
     </span>
     <span class='ocr_line' id='line_1_27' title="bbox 310 3597 1393 3698; baseline 0 -26"><span class='ocrx_word' id='word_1_198' title='bbox 310 3597 346 3672; x_wconf 89' lang='lat' dir='ltr'><strong>in</strong></span> <span class='ocrx_word' id='word_1_199' title='bbox 370 3598 479 3675; x_wconf 89' lang='lat' dir='ltr'><strong>insula</strong></span> <span class='ocrx_word' id='word_1_200' title='bbox 506 3599 721 3674; x_wconf 81' lang='lat' dir='ltr'><strong>Samothracia</strong></span> <span class='ocrx_word' id='word_1_201' title='bbox 743 3601 809 3695; x_wconf 85' lang='lat' dir='ltr'><strong>(ex</strong></span> <span class='ocrx_word' id='word_1_202' title='bbox 831 3625 915 3674; x_wconf 76' lang='lat' dir='ltr'><strong>vers</strong></span> <span class='ocrx_word' id='word_1_203' title='bbox 937 3623 984 3671; x_wconf 83' lang='lat' dir='ltr'><strong>ao</strong></span> <span class='ocrx_word' id='word_1_204' title='bbox 1004 3624 1045 3670; x_wconf 82' lang='lat' dir='ltr'><strong>ae</strong></span> <span class='ocrx_word' id='word_1_205' title='bbox 1069 3597 1159 3697; x_wconf 70' lang='lat'><strong>45),</strong></span> <span class='ocrx_word' id='word_1_206' title='bbox 1176 3613 1212 3671; x_wconf 90' lang='lat' dir='ltr'><strong>et</strong></span> <span class='ocrx_word' id='word_1_207' title='bbox 1229 3611 1260 3672; x_wconf 75' lang='lat' dir='ltr'><strong>‘x</strong></span> <span class='ocrx_word' id='word_1_208' title='bbox 1286 3627 1393 3698; x_wconf 91' lang='lat' dir='ltr'><strong>quum</strong></span> 
     </span>
     <span class='ocr_line' id='line_1_28' title="bbox 310 3713 1388 3816; baseline 0 -28"><span class='ocrx_word' id='word_1_209' title='bbox 310 3715 501 3792; x_wconf 89' lang='lat' dir='ltr'><strong>adhucdum</strong></span> <span class='ocrx_word' id='word_1_210' title='bbox 516 3717 697 3816; x_wconf 87' lang='lat' dir='ltr'><strong>jactaretur</strong></span> <span class='ocrx_word' id='word_1_211' title='bbox 713 3718 745 3790; x_wconf 83' lang='lat' dir='ltr'><strong>in</strong></span> <span class='ocrx_word' id='word_1_212' title='bbox 762 3715 908 3790; x_wconf 68' lang='lat' dir='ltr'><strong>ebdomito</strong></span> <span class='ocrx_word' id='word_1_213' title='bbox 919 3729 1086 3790; x_wconf 76' lang='lat' dir='ltr'><strong>nnuman</strong></span> <span class='ocrx_word' id='word_1_214' title='bbox 1104 3729 1199 3790; x_wconf 66' lang='lat' dir='ltr'><strong>Luce</strong></span> <span class='ocrx_word' id='word_1_215' title='bbox 1208 3713 1388 3815; x_wconf 72' lang='lat' dir='ltr'><strong>profiteria,</strong></span> 
     </span>
     <span class='ocr_line' id='line_1_29' title="bbox 311 3829 1391 3936; baseline -0.003 -30"><span class='ocrx_word' id='word_1_216' title='bbox 311 3849 352 3906; x_wconf 91' lang='lat' dir='ltr'><strong>nt</strong></span> <span class='ocrx_word' id='word_1_217' title='bbox 374 3831 478 3924; x_wconf 87' lang='lat' dir='ltr'><strong>habet</strong></span> <span class='ocrx_word' id='word_1_218' title='bbox 502 3861 587 3908; x_wconf 86' lang='lat' dir='ltr'><strong>vers.</strong></span> <span class='ocrx_word' id='word_1_219' title='bbox 608 3829 654 3935; x_wconf 86' lang='lat'><strong>39</strong></span> <span class='ocrx_word' id='word_1_220' title='bbox 673 3839 706 3923; x_wconf 90' lang='lat'><strong>²,</strong></span> <span class='ocrx_word' id='word_1_221' title='bbox 726 3859 826 3936; x_wconf 88' lang='lat' dir='ltr'><strong>quem</strong></span> <span class='ocrx_word' id='word_1_222' title='bbox 842 3831 1072 3935; x_wconf 86' lang='lat' dir='ltr'><strong>interpretari,</strong></span> <span class='ocrx_word' id='word_1_223' title='bbox 1100 3831 1211 3935; x_wconf 90' lang='lat' dir='ltr'><strong>quoad</strong></span> <span class='ocrx_word' id='word_1_224' title='bbox 1228 3830 1391 3933; x_wconf 89' lang='lat' dir='ltr'><strong>temporis</strong></span> 
     </span>
     <span class='ocr_line' id='line_1_30' title="bbox 312 3949 1085 4042; baseline 0 -20"><span class='ocrx_word' id='word_1_225' title='bbox 312 3965 427 4024; x_wconf 74' lang='lat' dir='ltr'><strong>notun</strong></span> <span class='ocrx_word' id='word_1_226' title='bbox 441 3949 578 4039; x_wconf 82' lang='lat' dir='ltr'><strong>attinet,</strong></span> <span class='ocrx_word' id='word_1_227' title='bbox 597 3949 744 4028; x_wconf 82' lang='lat' dir='ltr'><strong>voluisse</strong></span> <span class='ocrx_word' id='word_1_228' title='bbox 760 3949 892 4026; x_wconf 83' lang='lat' dir='ltr'><strong>videtur</strong></span> <span class='ocrx_word' id='word_1_229' title='bbox 910 3978 993 4026; x_wconf 81' lang='lat' dir='ltr'><strong>vera.</strong></span> <span class='ocrx_word' id='word_1_230' title='bbox 1014 3950 1057 4042; x_wconf 68' lang='lat'><strong>41</strong></span> <span class='ocrx_word' id='word_1_231' title='bbox 1077 3978 1085 4022; x_wconf 93' lang='lat'><strong>:</strong></span> 
     </span>
    </p>
   </div>
   <div class='ocr_carea' id='block_1_9' title="bbox 344 4149 671 4317">
    <p class='ocr_par' dir='ltr' id='par_1_10' title="bbox 344 4149 671 4317">
     <span class='ocr_line' id='line_1_31' title="bbox 345 4149 663 4221; baseline 0.003 -18"><span class='ocrx_word' id='word_1_232' title='bbox 345 4155 353 4184; x_wconf 90' lang='lat'>¹</span> <span class='ocrx_word' id='word_1_233' title='bbox 372 4150 429 4204; x_wconf 85' lang='lat' dir='ltr'><strong>Lib.</strong></span> <span class='ocrx_word' id='word_1_234' title='bbox 442 4149 472 4217; x_wconf 92' lang='lat'><strong>1,</strong></span> <span class='ocrx_word' id='word_1_235' title='bbox 488 4149 572 4221; x_wconf 79' lang='lat' dir='ltr'><strong>Epist</strong></span> <span class='ocrx_word' id='word_1_236' title='bbox 582 4168 663 4205; x_wconf 84' lang='lat' dir='ltr'><strong>xxrrr.</strong></span> 
     </span>
     <span class='ocr_line' id='line_1_32' title="bbox 344 4242 671 4317; baseline 0.012 -22"><span class='ocrx_word' id='word_1_237' title='bbox 344 4245 356 4275; x_wconf 84' lang='lat'>²</span> <span class='ocrx_word' id='word_1_238' title='bbox 373 4242 443 4314; x_wconf 77' lang='lat' dir='ltr'><strong>Lege</strong></span> <span class='ocrx_word' id='word_1_239' title='bbox 457 4253 485 4298; x_wconf 83' lang='lat' dir='ltr'><strong>et</strong></span> <span class='ocrx_word' id='word_1_240' title='bbox 496 4263 563 4298; x_wconf 77' lang='lat' dir='ltr'><strong>vers.</strong></span> <span class='ocrx_word' id='word_1_241' title='bbox 580 4247 671 4317; x_wconf 75' lang='lat'>19-28.</span> 
     </span>
    </p>
   </div>
   <div class='ocr_carea' id='block_1_10' title="bbox 0 0 1517 5000">
    <p class='ocr_par' dir='ltr' id='par_1_11' title="bbox 0 0 1517 5000">
     <span class='ocr_line' id='line_1_33' title="bbox 0 0 1517 5000; baseline 0 0"><span class='ocrx_word' id='word_1_242' title='bbox 0 0 1517 5000; x_wconf 95' lang='lat' dir='ltr'><strong> </strong></span> 
     </span>
    </p>
   </div>
  </div>
 </body>
</html>
