3017 5000
411 489 510 557 ren
534 492 566 555 r.
594 489 823 559 mossur.
1096 494 1155 585 173

99 626 227 701 mortuis
241 654 330 701 ross.
348 626 546 729 Lepidoque
563 656 639 703 eum
657 630 706 703 M.
727 629 878 703 Antonio
892 629 1029 730 juncto,
1043 633 1160 731 (quod

98 758 129 813 tt
146 740 204 814 tnt.
220 743 302 815 Jun.
322 741 484 837 contigit,
503 771 543 817 ex
559 745 650 817 Fam.
671 742 730 818 lib.
752 748 807 832 X,
827 747 892 845 Ep.
920 748 1056 837 xxtll),
1082 773 1157 819 eum

96 853 131 927 ael
146 855 192 927 M.
211 855 357 929 Brutum
374 883 408 929 se
430 856 653 931 conferentem
672 858 789 933 Cicero
806 859 945 933 summis
968 859 1065 933 effert
1086 858 1161 933 lau-

97 969 203 1057 dibus,
221 997 296 1071 qum
314 970 364 1044 illi
382 1000 451 1045 non
466 972 669 1047 conveniunt
691 975 798 1063 artati,
816 1004 858 1049 ne
876 976 982 1049 dicam
997 976 1159 1076 pueritiae.

95 1088 123 1159 ls
137 1088 244 1175 enirm,
275 1086 334 1161 lib.
353 1087 395 1161 ad
412 1090 464 1162 Μ.
482 1090 645 1176 Brutum,
665 1090 776 1190 Epist.
804 1110 868 1165 xlx
892 1122 900 1163 ε
928 1124 946 1155 α
966 1092 1073 1178 (lave,
1090 1091 1160 1177 ait,

95 1234 110 1263 ιι
126 1219 239 1300 putes,
261 1199 449 1301 probitate,
468 1204 675 1291 constantia,
696 1230 791 1290 cura,
813 1203 926 1277 studio
951 1204 1036 1304 reip.
1070 1205 1163 1305 quid·

97 1348 112 1379 a
131 1344 224 1417 qaam
243 1316 297 1393 illi
310 1346 380 1393 esse
398 1319 514 1392 simile.
533 1321 582 1392 Ut
593 1304 804 1420 eloquentia,
821 1347 887 1421 qna
900 1318 1096 1394 mirabiliter
1109 1348 1161 1394 er-

97 1466 111 1495 v
129 1428 215 1504 cellit
229 1443 241 1521 (
254 1434 364 1521 NR),
383 1433 437 1507 vix
454 1433 488 1506 in
507 1462 546 1507 eo
565 1434 674 1509 locum
689 1434 732 1507 ad
751 1433 952 1508 laudandum
970 1435 1092 1509 babere
1108 1435 1162 1508 vi-

96 1578 110 1608 n
129 1544 263 1633 deatum
283 1575 474 1649 quanquam
491 1547 527 1619 in
552 1548 615 1622 bac
631 1550 704 1649 ipsa
727 1547 889 1649 sapientia
904 1546 983 1648 plus
999 1565 1162 1649 apparet:

96 1698 109 1726 v
125 1664 167 1735 ita
184 1663 275 1759 gravi
289 1664 431 1763 judicio,
445 1666 616 1767 multaque
630 1668 725 1763 (NB.
737 1670 752 1759 )
766 1684 836 1739 arte
849 1693 884 1741 se
898 1666 1045 1740 exercuit
1060 1667 1094 1741 in
1109 1695 1163 1740 re»

95 1816 109 1845 v
125 1782 254 1856 rissimo
271 1810 391 1878 genere
410 1784 550 1857 dicendi.
569 1786 677 1866 Tanta
691 1802 803 1859 autern
815 1784 980 1857 industria
997 1802 1065 1871 est,
1086 1802 1162 1857 tan·

96 1934 110 1963 v
129 1918 266 2001 tumque
283 1900 419 1997 evigilat
430 1900 465 1996 in
478 1900 610 1990 studio,
625 1919 742 1975 utnon
756 1901 896 1975 maxima
909 1901 1062 1996 ingenio,
1075 1901 1165 2001 quod

96 2016 157 2088 vin
174 2046 215 2091 eo
232 2044 400 2091 summum
423 2036 493 2105 est,
511 2018 616 2115 gratia
633 2017 786 2093 habenda
801 2018 967 2104 videatur,
983 2036 1045 2093 etc.
1065 2052 1083 2082 »
1100 2020 1166 2089 Ur-

95 2160 162 2227 gere
179 2162 317 2236 quoque
331 2162 507 2234 possemus
531 2162 604 2236 quae
627 2134 717 2223 Dio,
734 2134 777 2207 ad
793 2162 847 2208 an.
874 2137 917 2208 U.
946 2135 985 2208 C.
1009 2152 1163 2221 tocculx,

92 2264 193 2319 narrat
211 2247 252 2319 de
269 2248 373 2321 rebus
394 2247 484 2322 bello
513 2248 669 2323 adversus
697 2247 865 2336 Salassos,
895 2265 958 2323 etc.
981 2278 1001 2321 a
1019 2246 1163 2323 Messala

93 2364 237 2460 praeclare
255 2366 377 2461 gestis,
399 2384 434 2441 et
450 2366 574 2466 quibus
592 2367 800 2467 triumphum
816 2367 953 2454 meruit;
971 2366 1017 2438 ita
1039 2384 1074 2437 et
1090 2393 1164 2466 quae

92 2477 260 2568 Tibullus,
281 2479 339 2554 lib.
361 2482 412 2569 ll,
431 2479 526 2576 Eleg.
546 2501 591 2570 v,
610 2481 650 2556 de
668 2482 740 2580 ejus
757 2481 828 2556 lilio
847 2479 1034 2558 'Messalino
1052 2480 1161 2567 c'anit;

91 2611 180 2696 atque
203 2597 305 2670 etiam
324 2625 397 2698 quae
415 2597 594 2672 Suetonius
616 2596 657 2669 de
675 2597 813 2672 Tiberio
833 2599 973 2686 scribit,
998 2626 1070 2698 cap.
1092 2624 1161 2698 70:

93 2743 107 2772 α
123 2713 160 2783 ln
174 2709 437 2786 orationelatina
454 2731 589 2788 secutus
600 2733 652 2790 est
662 2715 842 2790 Corvinum
857 2715 1052 2801 Messalam,
1064 2745 1162 2815 quern

92 2844 242 2900 »SENEM
262 2827 392 2926 (NB.)
410 2847 636 2902 toouvscums
661 2829 902 2904 observaverat.
931 2863 950 2895 u
978 2830 1053 2904 Etsi
1077 2829 1165 2904 eninr

90 2941 207 3016 'liberii
234 2943 469 3018 adolescentium
491 2945 532 3018 ad
559 2973 683 3020 annum
700 2974 807 3046 usque
826 2946 933 3020 atatis
956 2966 1030 3020 xxv
1045 2948 1165 3020 'exten-

93 3055 160 3130 ‹lere
176 3057 351 3146 lubuerit,
377 3085 471 3132 senex
495 3075 603 3132 tamen
619 3059 687 3158 jarn
702 3059 806 3132 fuerit
825 3058 970 3134 Messala
990 3087 1078 3132 anno
1101 3060 1166 3134 oir-

93 3171 166 3245 riter
182 3175 225 3245 U.
243 3175 281 3246 C.
298 3191 503 3262 mccxxxvt,
517 3202 585 3274 quo
598 3172 756 3246 Tiberius
767 3192 832 3246 xvt
845 3174 1025 3247 Novembr.
1040 3202 1166 3248 annum

95 3307 160 3361 xxv
174 3289 330 3365 absolvit.
347 3275 472 3364 Contra
488 3317 565 3364 vero
579 3289 606 3363 si
620 3288 768 3363 rationes
782 3291 989 3391 Hieronymo
1003 3290 1103 3363 initas
1116 3318 1167 3364 se-

94 3431 282 3504 queremur,
302 3406 448 3481 Messala
469 3423 540 3479 tum
561 3423 634 3479 xtll
652 3423 781 3479 tantum
792 3432 896 3479 annos
909 3423 1009 3479 natus
1025 3406 1164 3495 suisset,

92 3521 150 3597 boo
166 3544 234 3613 est,
246 3525 367 3627 juvenis
384 3523 573 3598 adhucdum
590 3552 626 3597 ac
643 3520 744 3620 longe
761 3523 842 3598 satis
859 3554 878 3597 a
894 3539 1042 3597 senectute
1056 3552 1165 3598 remo-

94 3654 151 3712 tus.
177 3641 224 3714 At
242 3639 418 3740 superiora
439 3657 490 3714 sat
515 3645 684 3740 superque
704 3637 978 3752 sr'rppptationem
1002 3639 1169 3741 Hieromy-

94 3756 230 3830 mianam
245 3753 447 3828 convellunt.

139 3871 178 3942 V.
198 3873 255 3944 An
272 3887 383 3944 autern
403 3867 549 3966 Scaliger
564 3895 674 3944 veram
690 3869 812 3944 erroris
831 3870 1081 3970 Hieronymiani
1098 3897 1172 3944 rau-
1198 3947 1207 3960 ,

101 4007 163 4056 saun
174 3984 360 4086 aperuerit,
373 3984 478 4059 nolim
490 3984 660 4060 adfirmare
672 4004 732 4058 aut
742 3985 954 4087 pertinaciter
962 4015 1092 4083 negare.
1108 3991 1170 4060 At-

103 4113 225 4189 tamen,
248 4101 278 4174 si
304 4101 527 4200 conjecturam
553 4100 702 4201 proferre
727 4101 779 4176 las
804 4101 869 4188 sit,
895 4101 1170 4189 existimaverim,

97 4209 383 4294 hallucinationem
407 4244 445 4290 ex
470 4217 537 4290 alio
559 4218 651 4294 fonte
676 4205 877 4320 provenisse.
909 4219 1042 4296 Scilicet
1065 4203 1171 4322 quurn¹
