3017 5000
318 512 383 571 2¹28
645 502 684 565 P.
711 498 892 567 OVIDII
919 496 1056 565 VITA

319 678 338 710 »
360 661 441 729 tum,
452 638 565 714 electis
575 637 737 725 consciis,
751 656 785 711 et
796 636 919 711 comite
929 620 1124 710 uno'Fnuo
1138 634 1402 725 Mtxtttoffllr·

319 794 337 825 u
357 759 633 842 nasiamvectum,
645 754 867 829 advisendum
877 752 1147 855 Agrippametc.
1163 754 1267 850 Quod
1278 754 1404 827 Muxi-

324 910 342 939 ν»
362 894 451 949 uuu
466 872 562 947 uxori
574 874 739 945 MuttcttE
749 870 939 971 aperuisse;
955 866 1048 943 illam
1060 869 1177 955 tisim
1198 870 1236 943 C.
1250 872 1405 943 'Nasum

321 1028 339 1059 >›
358 993 395 1067 id
412 991 547 1067 Caesari.
574 992 692 1090 Neque
711 987 821 1063 multo
838 1006 935 1089 post,
953 989 1117 1062 exstincto
1134 988 1292 1061 Mnuuo
1307 986 1404 1082 (du-

321 1144 340 1175 »
358 1110 454 1183 bium
471 1136 513 1181 an
531 1107 667 1208 quesita
683 1106 813 1203 morte)
824 1105 959 1178 auditos
971 1105 1007 1178 in
1019 1104 1136 1179 funere
1148 1104 1221 1202 ejus
1233 1104 1405 1177 hltttclfi

320 1261 338 1295 ν)
360 1228 503 1325 gemitus
521 1244 625 1300 semet
638 1223 840 1310 incusantis,
852 1222 945 1323 quod
961 1251 1061 1298 causa
1077 1221 1169 1296 exitii
1187 1222 1307 1297 marito
1317 1220 1404 1295 fuis-

319 1378 337 1409 »
356 1362 416 1418 set.
433 1378 449 1409 u
469 1342 620 1417 Dubium
636 1356 746 1413 autem
762 1337 846 1412 illud
855 1338 964 1412 Taciti
978 1336 1077 1413 solvit
1093 1335 1297 1413 Plutarchus
1307 1345 1404 1439 ²,qui

318 1487 421 1561 quum
438 1457 512 1533 istis
530 1453 649 1529 similia
663 1452 872 1542 tradidisset,
891 1452 1006 1527 addit:
1030 1488 1048 1519 «
1067 1453 1263 1528 Venientem
1276 1452 1403 1549 igitur,

322 1610 339 1639 »
359 1575 401 1648 de
417 1602 531 1659 more,
547 1575 642 1645 mane
659 1570 815 1644 Fulvium
829 1568 841 1608 ³
853 1587 887 1644 et
900 1567 1037 1643 solitum
1051 1568 1135 1645 illud
1146 1567 1313 1644 dicentem
1324 1599 1402 1658 ase,

321 1722 340 1754 >›
364 1690 474 1762 Caesar
489 1684 699 1772 resalutavi13
714 1685 810 1769 vale,
827 1684 960 1785 inquit,
974 1682 1082 1757 Fulvi.
1097 1686 1210 1785 Atque
1228 1682 1284 1758 ille
1299 1682 1337 1757 id
1350 1685 1405 1757 in·

322 1842 340 1871 n
360 1804 530 1901 telligens,
560 1803 697 1877 domum
724 1831 759 1877 se
775 1800 867 1875 illico
882 1801 1065 1890 suhduxit,
1090 1820 1124 1876 et
1140 1820 1256 1876 vocata
1275 1832 1403 1877 uxore:

319 1960 338 1991 »
360 1922 525 2009 Rescivit,
552 1921 683 2024 inquit,
705 1922 833 2009 Cacsar,
851 1950 918 1994 nou
939 1920 1071 1996 siluisse
1087 1950 1139 1996 me
1165 1949 1282 1997 arcana
1296 1950 1305 2010 ;
1321 1922 1403 1996 ideo

320 2075 338 2107 u
357 2040 444 2116 mori
461 2039 543 2112 mihi
562 2039 816 2123 decretumst,
837 2055 899 2111 etc.
919 2072 936 2103 υ

367 2156 472 2255 Quod
480 2155 555 2230 dein
567 2154 742 2254 subjungit
753 2152 968 2242 Plutarchus,
982 2154 1139 2228 Murciam
1149 2182 1270 2256 nempe
1278 2168 1405 2254 accepto

313 2274 422 2377 gladiis
441 2273 570 2373 seipsum
589 2273 659 2345 uiro
683 2300 785 2344 corum
807 2271 1006 2357 interemisse,
1023 2269 1219 2343 confutatur
1232 2298 1250 2343 a
1262 2270 1404 2358 Tacito,

319 2392 378 2494 qui
396 2388 517 2465 diserte
536 2406 701 2475 testatur,
725 2416 798 2461 eam
815 2384 953 2473 vixisse,
972 2402 1005 2457 et
1017 2385 1151 2458 auditos
1167 2384 1237 2483 ejus
1256 2386 1404 2481 gemitus

318 2510 354 2582 in
376 2508 491 2584 sunere
509 2506 638 2594 mariti,
656 2505 707 2577 uti
721 2505 789 2605 jam
806 2502 934 2604 pridem
956 2503 1074 2604 Lipsio
1097 2519 1262 2578 notatum.
1290 2505 1405 2578 Taciti

321 2653 400 2699 vero
417 2623 480 2698 hac
502 2622 543 2697 de
565 2651 601 2696 rc
626 2619 853 2695 testimonium
878 2618 1017 2693 omnino
1039 2617 1213 2694 confirmat
1236 2621 1406 2708 Ovidius,

320 2745 410 2817 Fast.
429 2739 489 2814 lib.
509 2740 558 2811 Vl
573 2738 657 2826 stne;
689 2737 782 2839 quod
799 2763 887 2837 opus
906 2735 1016 2810 trihus
1033 2736 1156 2809 abhinc
1175 2735 1271 2809 annis
1287 2735 1407 2812 edidit.

321 2857 451 2933 Ibidem
476 2853 562 2930 cuim
590 2855 631 2927 ud
649 2852 807 2928 ultimum
829 2850 927 2927 Jum'i
941 2851 1029 2926 diem
1045 2850 1087 2926 de
1110 2851 1236 2954 templu
1259 2853 1409 2929 Herculis

264 3056 267 3065 ,
323 2979 513 3060 Musarum,
536 2971 627 3074 quod
653 2969 798 3043 Marcius
819 2967 988 3068 Philippus
1009 2964 1023 3013 ⁴
1042 2967 1209 3056 restituit,
1227 2995 1349 3066 agens,
1366 2969 1406 3046 dc

322 3088 448 3162 Marcia
462 3105 620 3188 tauquam
632 3083 824 3158 adhucdum
837 3081 874 3154 iu
887 3081 970 3156 vivis
983 3080 1147 3182 loquitur,
1160 3112 1210 3158 rs.
1223 3082 1407 3158 801·808:

590 3271 595 3282 .
607 3271 630 3284 ..
644 3233 681 3286 sic
693 3230 753 3286 Clio
767 3230 846 3286 :clari
857 3241 1033 3284 monumenta
1046 3231 1159 3300 Philipps

520 3324 654 3393 Adspicis3
668 3324 740 3376 uude
756 3323 837 3376 trahit
846 3325 951 3376 Marcia
961 3334 1030 3376 casta
1042 3342 1134 3395 genus.

487 3417 591 3470 Marcia
602 3413 719 3468 sacrifico
732 3412 877 3467 deductum
891 3431 990 3466 nomen
1006 3413 1038 3467 ah
1049 3413 1148 3477 Asco,·

518 3509 552 3563 lu
564 3525 615 3575 qun
626 3524 673 3575 par
683 3505 763 3560 facies
774 3502 911 3558 nobilitate
923 3523 978 3558 sua.

491 3601 545 3654 Par
556 3598 646 3652 auimo
658 3617 765 3668 quoqne
779 3597 865 3652 forma
877 3615 926 3650 suo
937 3595 1082 3666 respondet
1091 3596 1119 3651 in
1134 3595 1180 3652 illa
1192 3618 1199 3660 ;

436 3703 443 3720 ·
524 3691 561 3744 Et
572 3684 669 3761 genus,
682 3701 709 3744 et
721 3690 817 3757 facies,
829 3688 1020 3758 ingeniumque
1031 3687 1125 3756 simul,
1137 3698 1187 3744 etc.

361 3829 368 3858 ¹
389 3827 503 3878 Gnarum
515 3824 578 3894 legit
591 3824 700 3894 Lipsius.

361 3918 373 3948 ²
390 3913 446 3967 Llh.
457 3923 508 3989 :spi
516 3916 663 3984 destruxisse.

357 4005 369 4038 ³
385 4005 429 4060 Sir
439 4005 508 4059 male
521 4025 568 4076 pro
580 4009 687 4061 Fabium
698 4025 804 4077 semper
817 4007 905 4060 hahet.

357 4100 370 4136 ⁴
386 4097 497 4154 Sueton.
511 4096 553 4150 lib.
566 4099 609 4163 ll,
623 4119 679 4168 cap.
692 4119 740 4172 sq,
756 4099 789 4153 ad
803 4119 884 4170 quem
895 4099 956 4152 ride
968 4097 1106 4154 torrescit
1119 4111 1176 4154 not.
1190 4099 1235 4154 uhi
1256 4101 1348 4170 plnres
1357 4101 1408 4155 lsu

327 4186 426 4238 dautur
442 4183 596 4253 scriptores,
614 4183 708 4253 quibus
719 4182 745 4236 id
759 4184 889 4253 templum
903 4182 955 4238 tuit
966 4194 1166 4250 memoratum,
1186 4183 1407 4252 miserrumam,

326 4269 421 4337 quihus
440 4270 563 4322 Hercules
583 4267 715 4320 Musarum
733 4265 859 4336 signatur.
879 4267 1025 4334 Martialis,
1042 4265 1087 4322 lih.
1104 4269 1142 4335 V,
1156 4267 1246 4337 Epigr.
1260 4271 1313 4336 50,
1331 4269 1406 4323 docet
