3017 5000
460 475 559 542 PER
582 476 615 541 J.
641 470 871 541 MASSON.
1141 476 1201 564 187

126 612 289 709 ‚relegatus
311 614 379 698 ait,
408 628 447 688 ut
472 631 561 689 recte
586 613 734 711 Scaliger
757 615 958 699 arbitratum
985 610 1075 686 band
1095 628 1204 685 tamen

132 730 439 832 quinquagesimum
457 728 639 804 secundum
663 730 770 804 aratis
793 758 918 805 annum
941 746 1022 802 tnnc
1046 727 1206 829 temporis

132 845 328 933 absolveram
348 847 474 947 quippe
492 866 541 920 xx
566 846 683 921 Martii
701 848 754 921 die
774 847 922 946 ejusdem
938 844 1018 919 anni
1036 842 1204 946 quinqua-

46 976 47 1027 }
132 961 271 1055 gesimus
297 959 428 1060 primus
454 978 583 1033 tantum
609 959 797 1062 completus
814 978 885 1048 cst;
909 988 948 1033 ac
966 957 1109 1061 proinde
1132 958 1207 1031 No*

46 1132 47 1137 ι
133 1078 242 1153 mttbn‘
262 1095 423 1164 exeunte,
442 1106 511 1178 quo
530 1106 695 1152 summum
719 1078 862 1153 Romam
880 1076 1024 1153 Ovidius
1045 1073 1205 1176 reliquit,

131 1211 194 1269 octo
210 1192 321 1268 solum
338 1219 471 1267 menses
497 1192 585 1267 ultra
608 1212 642 1267 ιι
669 1220 792 1268 annum
818 1194 905 1295 lapsi
929 1194 1080 1280 fuerant,
1101 1218 1204 1292 quum
1251 1209 1259 1223 “

46 1334 47 1339 ’
132 1310 219 1385 exsul
236 1310 272 1383 in
289 1310 436 1384 Pontum
452 1308 543 1383 abire
556 1309 670 1408 jussus
687 1330 745 1384 est.

177 1436 246 1507 Nec
258 1432 367 1506 levius
377 1430 419 1505 cl.
429 1430 585 1505 Norisius
594 1430 729 1520 labitur,
742 1462 846 1534 quum
857 1460 897 1507 ex
908 1461 965 1521 eo,
979 1432 1072 1533 quod
1085 1436 1207 1506 Noster

45 1564 46 1603 ῑ
133 1550 236 1637 unit,
254 1549 353 1623 lustro
362 1548 409 1623 bis
416 1549 676 1651 puritqraeperacta
689 1548 752 1624 sibi
767 1549 915 1623 suissein
927 1539 1082 1622 exsilium
1098 1546 1206 1634 eunti,

133 1668 434 1765 colligiteumanno
445 1670 488 1740 U.
501 1668 539 1741 C.
553 1684 813 1754 monumento
823 1664 1207 1741 Decembriinexsilium

44 1804 45 1889 ἦ
134 1812 199 1860 csse
207 1784 411 1888 profectum,
423 1810 527 1885 quum
538 1812 660 1858 annum
671 1802 706 1857 tl
716 1802 839 1879 ageret.
852 1785 959 1882 Quasi
968 1811 1047 1857 vero
1059 1812 1094 1856 ea
1103 1800 1208 1884 poetae

44 1952 45 1991 3
135 1902 229 1976 rerba
250 1902 333 1976 adeo
358 1900 472 1977 stricte
490 1902 557 1976 sint
574 1900 783 2003 accipienda,
806 1919 845 1975 nt
863 1900 902 1975 de
918 1920 969 1974 tn
986 1899 1101 1975 Ovidii
1118 1926 1207 1972 anno

43 2056 45 2113 ι
135 2014 263 2090 labente
279 2032 448 2117 nequeant
460 2014 623 2111 intelligi!
644 2008 802 2090 Attamen
819 2016 999 2116 scriptores
1010 2012 1134 2115 passim
1150 2041 1208 2088 so-

43 2114 44 2179 l
136 2132 199 2209 lent
218 2134 368 2209 rotundo
394 2134 446 2208 uti
468 2160 627 2223 numero,
653 2135 803 2235 quamn
828 2162 916 2208 unus
932 2150 967 2207 ct
983 2131 1066 2207 alter
1082 2158 1207 2219 annus,

43 2248 44 2253 ’
137 2249 232 2325 immo
243 2270 276 2327 et
285 2250 401 2353 plnres
410 2252 588 2353 supersint.
600 2252 705 2349 Quod
717 2270 749 2325 et
762 2252 833 2352 ipse
846 2248 994 2346 Scaliger
1008 2258 1016 2288 ¹
1035 2251 1207 2335 observat,

42 2368 44 2459 j
136 2366 194 2441 boc
212 2386 313 2468 pacto
328 2368 444 2459 litem,
464 2396 563 2473 quam
589 2369 654 2444 rati
675 2368 715 2443 de
734 2368 910 2469 ipsiusmet
927 2384 1022 2440 retate
1042 2382 1208 2451 moverat,

42 2565 44 2574 ,
137 2484 306 2563 dirimens:
322 2521 340 2553 α
358 2487 441 2578 Sed,
458 2486 524 2576 ait,
542 2486 760 2561 concedamus
773 2483 1007 2588 Olympiadem
1020 2481 1209 2585 quinquen-

140 2637 156 2668 ι
173 2603 300 2692 nala,
315 2621 349 2679 ct
358 2603 466 2678 lustro
481 2605 636 2678 Romano
649 2603 808 2706 equalem
823 2602 947 2690 fnisse,
965 2617 1086 2703 praeter
1098 2598 1210 2672 decem

140 2753 155 2784 ι
172 2719 273 2796 lustra
296 2721 364 2796 duo
380 2721 458 2796 anni
476 2741 662 2797 excurrunt.
682 2722 746 2796 Sed
763 2723 828 2795 boc
844 2749 915 2794 non
928 2747 1004 2795 raro
1021 2737 1147 2794 veteres
1161 2718 1179 2791 f
1194 2762 1209 2774 ·

140 2870 156 2900 a
173 2839 283 2928 ciunt,
302 2855 341 2911 ut
358 2865 494 2939 parvam
509 2865 670 2913 summam
687 2837 914 2927 dissimulent,
937 2826 1086 2912 contenti
1103 2836 1208 2912 mille-

42 2951 43 2954 *
143 2985 157 3020 ι
174 2948 519 3045 uarios,'ccnrenartos
530 3012 539 3042 ,
550 2974 584 3030 et
594 2956 745 3032 denarios
757 2980 881 3058 ponere
896 2985 904 3044 3
919 2957 1010 3058 quod
1025 2985 1092 3029 non
1108 2951 1208 3029 semel
1300 3001 1307 3014 .

143 3101 158 3130 ι
174 3095 191 3141 ι
206 3071 435 3144 Demosthene
453 3069 576 3144 factum
594 3070 792 3146 notavimus.
812 3074 930 3173 ltaque
945 3071 1086 3172 ipsemet
1103 3070 1209 3143 inter-

146 3201 325 3283 »pretatur
340 3201 482 3258 mentem
510 3212 602 3258 snam
624 3186 721 3259 initio
742 3187 896 3260 carminis
919 3185 954 3258 in
974 3185 1071 3273 Ibin,
1089 3181 1212 3258 ubilis

146 3331 160 3362 >v
177 3303 306 3403 quinque
319 3302 417 3376 lustro
429 3301 495 3376 sibi
505 3320 638 3404 peracta
648 3302 746 3393 dicit,
762 3304 829 3376 boc
841 3320 911 3390 est,
926 3330 960 3376 se
971 3323 1125 3378 launum
1136 3301 1212 3373 vite

146 3445 161 3478 ι
179 3417 363 3517 peregisse,
388 3445 492 3518 quum
509 3416 564 3491 illa
581 3417 757 3507 scriberet,
779 3418 889 3519 primo
908 3445 996 3491 anno
1013 3415 1120 3492 exsilii
1138 3414 1211 3501 sui,

147 3563 162 3596 r
180 3533 317 3634 quierat
331 3534 451 3608 tertius
464 3552 498 3608 et
511 3535 806 3636 quinquagesimus
820 3561 954 3608 currens
970 3543 984 3574 ²
1001 3533 1107 3607 aetatis
1120 3531 1213 3631 ejus,

148 3679 162 3709 ι
182 3649 242 3723 Cb.
255 3649 358 3724 Dion.
373 3671 414 3739 tt,
426 3649 466 3722 P.
480 3651 583 3724 Corn.
596 3649 791 3736 Dolabella,
806 3653 844 3725 C.
857 3650 960 3724 Junio
970 3647 1082 3724 Silano
1096 3675 1179 3722 coss.
1193 3681 1210 3712 ιι

207 3765 385 3866 Perper-am
399 3793 479 3862 ergo
493 3765 533 3839 cl.
549 3765 658 3840 David
674 3763 872 3840 Blondellns
887 3763 898 3804 ³
912 3763 1050 3853 asserit,
1069 3763 1214 3858 Scalige-

176 3966 184 3996 ¹
200 3965 268 4022 Loco
280 3951 338 4037 sup,
350 3968 438 4022 citato,

176 4057 187 4086 ²
201 4056 303 4112 Scilicet
314 4077 329 4110 a
341 4075 377 4112 xx
396 4059 488 4113 Martii
501 4057 562 4128 die,
583 4079 625 4114 an.
643 4060 680 4115 U.
693 4058 726 4114 C.
738 4076 879 4129 liceum,
891 4080 944 4130 qun
955 4080 1019 4114 coss.
1031 4060 1140 4113 luerunt
1153 4057 1189 4108 illi
1202 4077 1216 4108 s

69 4211 72 4216 Δ
148 4137 176 4192 tl.
187 4139 239 4193 riro
250 4142 367 4216 adpositi

179 4227 188 4260 ³
203 4232 384 4289 Anti-Baton.
395 4235 440 4289 tot.
455 4237 492 4302 ιζ.
