3017 5000
369 439 434 506 ET
462 431 885 506 nuul'csrlortus.
1100 431 1165 500 323

257 577 309 634 Sex
319 595 369 647 ego
381 575 522 636 Fastorum
534 573 639 643 scripsi,
658 573 822 644 totidemque
833 571 949 640 tibertus,
983 598 989 611 ¹
1069 616 1074 629 .

291 669 415 740 Cumque
426 688 474 724 suo
485 668 568 724 finem
580 687 671 724 mense
681 665 783 722 libellus
795 666 890 722 babet:

260 761 344 831 quue
358 771 403 814 tuo
415 778 502 829 nuper
511 759 638 829 scripturn
649 759 697 814 sub
708 758 835 826 nornine,
848 756 954 824 Cum,

292 851 329 906 Et
340 850 387 906 tibi
398 859 529 906 sacratum
541 868 597 903 sors
607 867 667 904 mea
679 849 750 920 rupit
760 868 834 919 opus

120 991 157 1068 Er
170 993 333 1096 scripsisse
352 991 511 1068 Ovidium
526 1007 658 1067 constat
672 1021 760 1066 nuno
778 991 888 1094 primo
900 990 952 1066 sui
966 987 1072 1066 exsilii
1085 1021 1172 1067 nou-

47 1183 49 1224 }
120 1117 184 1190 dum
200 1099 357 1219 impleto,
374 1134 414 1191 nt
429 1112 584 1192 facillime
600 1107 709 1216 quivis
727 1113 870 1210 diligens
888 1111 994 1190 lector
1009 1107 1173 1207 inveniet3

121 1269 175 1342 quo
192 1259 337 1343 tempore
350 1238 434 1346 nibil
452 1233 519 1313 nisi
533 1235 644 1313 flebile
661 1269 679 1313 a
697 1267 731 1314 se
745 1238 906 1340 scriptum
922 1238 1045 1314 fatetur
1063 1265 1071 1310 ε
1092 1258 1151 1330 ut,

264 1410 392 1470 Carmina
402 1411 498 1482 scripta
510 1411 576 1468 mibi
587 1423 651 1466 suut
661 1411 748 1478 nulia,
760 1421 807 1464 tut
818 1410 905 1480 qualia
914 1412 1017 1481 oemis,

299 1501 387 1573 Digna
397 1502 438 1556 sui
450 1501 552 1555 domini
564 1512 696 1570 tempore,
709 1501 788 1571 digna
799 1499 865 1555 ioco.

47 1643 48 1654 ¹
122 1646 266 1720 Ceterum
281 1647 372 1718 Naso
388 1643 552 1742 relegatus
569 1643 605 1716 in
623 1644 793 1731 Pontum,
816 1643 984 1746 plerisque
999 1643 1123 1720 additis
1139 1675 1178 1720 ac

123 1770 263 1858 mutatis,
279 1769 450 1870 inscripsit
461 1768 524 1842 boc
542 1797 629 1870 opus
645 1795 714 1843 nou
729 1768 896 1874 Tiberio,
914 1787 954 1844 ut
969 1769 1180 1862 docebimus,

125 1893 171 1968 sed
188 1893 405 1981 Germanico,
423 1892 527 1967 Drusi
543 1891 689 1996 privigni
703 1892 850 1988 Augusti
870 1891 962 1983 filio,
978 1912 1018 1967 ut
1041 1895 1112 1994 ejus
1129 1896 1183 1968 in-

125 2018 307 2093 tercessione
323 2015 503 2118 aliquando
527 2006 784 2118 consequeretur
804 2017 932 2091 veniam
955 2015 1007 2090 rel
1020 2017 1183 2108 reditus,

47 2147 48 2158 ’
126 2147 166 2224 rel
182 2147 286 2226 exsilii
301 2149 464 2236 mitioris;
494 2173 567 2249 quae
594 2175 670 2250 spes
696 2176 771 2236 eum
792 2147 931 2225 tesettir:
955 2180 1033 2232 num
1058 2170 1099 2226 ut
1114 2153 1187 2228 Au·
1248 2215 1251 2218 .

126 2290 246 2368 gustum
263 2270 499 2346 inexorabilem
518 2270 656 2360 babuit,
683 2272 729 2346 ita
742 2287 778 2346 et
789 2289 969 2373 postquam
986 2273 1016 2348 is
1032 2273 1186 2350 humanis

125 2395 212 2472 rebus
226 2394 384 2483 excessit,
403 2423 471 2486 non
490 2391 682 2470 dissimilem
698 2394 872 2476 Tiberium
889 2413 1007 2470 nactus
1024 2414 1085 2470 cst.
1110 2399 1189 2472 Fuit

127 2540 223 2597 sutem
243 2519 479 2614 Germanicus,
493 2538 532 2597 ut
541 2520 588 2596 ait
600 2512 805 2612 Suetonius,
821 2555 838 2589 ει
850 2520 983 2618 ingenio
995 2522 1031 2595 in
1044 2540 1189 2624 utroque

128 2676 142 2709 r
159 2643 353 2746 eloquentie
366 2644 591 2745 doctrinaque
604 2671 723 2739 genere
737 2643 1093 2745 praetendente«)
1106 2645 1189 2726 lenis

129 2798 142 2830 r
159 2787 258 2870 utque,
266 2767 445 2855 innoxius,
464 2784 505 2840 ut
520 2767 592 2866 ejus
605 2766 788 2842 virtutibus
799 2785 913 2843 motus
924 2769 1191 2864 Augustns‚diu

129 2921 143 2953 u
160 2907 329 2967 cunctatus
337 2890 456 2977 buerit,
472 2918 514 2963 an
529 2918 604 2965 eum
617 2889 684 2965 sibi
697 2888 820 2966 fuceret
830 2918 1074 2983 successorem,
1091 2923 1191 2994 quem

130 3044 144 3076 r
162 3012 288 3089 demum
304 3012 532 3114 adoptandum
547 3012 686 3087 Tiberio
703 3012 805 3089 dedit
823 3047 841 3079 n

511 3180 798 3207 mm

156 3344 573 3429 oruruouoursr
600 3350 838 3425 unorum
863 3346 1164 3427 ouorcsrro

440 3542 532 3597 rurs
548 3539 675 3597 cronos
688 3540 884 3611 cursurum,

287 3745 292 3755 ·
407 3732 550 3773 cunnum
566 3732 602 3771 AC
619 3732 711 3772 DOCTO
728 3729 917 3772 coctumst

558 3872 764 3941 MARCO.

176 4062 362 4137 Posrlctttt
380 4055 585 4143 facultatem,
612 4080 711 4153 quarn
734 4052 875 4153 primam
893 4052 1067 4155 quamdam
1083 4055 1196 4157 pbilo—

135 4185 276 4285 sopbium
292 4182 395 4257 fuisse
408 4178 569 4275 legimus,
587 4192 665 4252 sunt
683 4175 742 4277 qui
754 4177 819 4252 boc
827 4195 944 4253 nostro
960 4207 1028 4253 aero
1038 4198 1194 4283 tunquam
