3017 5000
315 454 376 497 120
646 434 685 497 P.
713 432 892 499 OVlDll
916 430 1045 498 Vtra

309 570 498 645 Difficultas
515 571 634 647 exinde
649 573 775 659 oritur,
792 571 883 673 quod
894 572 975 644 varii
989 571 1076 645 inter
1089 572 1261 645 Romanos
1273 572 1386 645 iniam-

265 732 271 745 ·
314 687 371 763 ciri
383 687 579 760 exstiterint.
599 689 647 760 At
660 716 739 761 vero
755 687 809 761 bic
828 687 869 760 de
886 686 945 760 illo
960 686 1069 762 solum
1084 686 1274 760 triumviratu
1290 688 1386 783 nogi-

312 803 450 877 tandnm
465 803 573 889 veuit,
594 804 652 904 qni
668 804 882 899 magistratus
893 822 962 877 erat
974 803 1176 879 necessarius
1190 802 1387 879 adolescen-

313 919 422 1007 tibus,
441 920 477 993 iu
502 938 635 995 senatus
661 948 753 1021 spem
770 920 875 995 latum
891 920 1019 995 clavum
1033 921 1249 1017 gerentibus,
1276 920 1387 1022 qtralis

313 1036 456 1110 Ovidius
472 1036 538 1109 hoc
553 1053 703 1135 tempore
715 1034 790 1108 snit.
805 1036 934 1111 ldcirco
948 1038 1040 1112 litem
1053 1038 1107 1112 bis
1119 1038 1222 1111 modo
1235 1037 1389 1112 terminis

313 1152 537 1227 circumscribi
565 1153 647 1227 mihi
669 1154 821 1239 videtur,
850 1173 887 1229 ut
917 1156 1129 1256 quarendum
1150 1154 1318 1256 supersit,
1343 1184 1390 1229 an

313 1274 436 1344 Noster
449 1271 714 1345 annumerandus
729 1272 921 1361 triumviris,
928 1272 979 1345 vel
993 1273 1190 1373 copitdlibus,
1207 1272 1258 1345 vel
1271 1275 1389 1374 potins

312 1387 527 1472 roonetnlibus,
553 1387 611 1487 qni
625 1388 723 1461 etiarn
740 1390 863 1487 passim
881 1390 915 1461 in
931 1390 1077 1463 nummis
1093 1418 1130 1461 ac
1143 1386 1310 1490 lapidibus
1334 1390 1390 1461 lll

313 1505 414 1577 VlRl
432 1506 474 1607 A.
494 1506 536 1577 A.
555 1506 595 1577 A.
615 1506 651 1577 F.
669 1504 706 1576 F.
721 1560 731 1591 ,
747 1504 782 1575 id
798 1522 871 1593 est,
894 1533 998 1593 auro,
1017 1523 1172 1601 argento,
1188 1533 1251 1579 aere
1274 1503 1392 1579 flando

313 1617 467 1691 feriundo
486 1618 670 1713 signantur.
690 1618 823 1691 Etenim
841 1618 991 1713 geminus
1009 1635 1137 1692 tantum
1153 1618 1246 1691 hicce
1270 1616 1392 1689 trium-

315 1733 441 1807 viratus
454 1762 473 1807 a
489 1732 709 1834 scriptoribus
722 1733 809 1805 inter
822 1732 896 1806 illas
907 1753 1096 1809 recensetur
1109 1734 1302 1830 dignitates,
1313 1760 1393 1833 qnae

314 1846 435 1943 gradus
455 1864 547 1920 erant
564 1846 604 1919 ad
623 1844 825 1919 senatorium
844 1846 1013 1935 ordinem,
1029 1876 1091 1921 nee
1105 1847 1190 1922 alius
1207 1846 1294 1921 inter
1309 1846 1390 1920 vnl-

317 1990 410 2059 gares
429 1962 575 2035 occurrit
591 1961 727 2049 titulos,
744 1959 870 2061 quibus
883 1959 1031 2062 lapidum
1045 1962 1277 2063 inscriptiones
1294 1962 1391 2037 viros

314 2075 441 2151 ordinis
459 2074 614 2149 senatorii
633 2092 804 2149 exornant.

363 2192 491 2267 Deinde
516 2221 593 2266 vero
611 2190 693 2265 inihi
715 2220 910 2295 persuasum
927 2209 996 2279 cst,
1017 2190 1174 2266 Ovidium
1191 2220 1209 2263 e
1225 2190 1393 2265 tnumein's

314 2312 416 2385 luisse
433 2310 631 2413 coprlolt'bos,
656 2310 714 2410 qui
733 2308 860 2384 scilicet
876 2310 916 2382 de
933 2309 1039 2413 capite
1054 2307 1248 2408 judicabant
1263 2303 1340 2378 vssis
1354 2324 1394 2381 et

314 2428 447 2527 abjectae
457 2426 659 2502 conditionis
672 2425 859 2514 bominum,
869 2425 920 2501 uti
931 2425 1041 2500 surum
1051 2441 1085 2498 et
1098 2450 1277 2510 servorum,
1286 2438 1392 2522 atque

314 2545 452 2620 carceris
469 2544 655 2618 custodiam
679 2542 860 2616 habebant.
894 2540 996 2615 Ratio
1021 2567 1100 2614 mete
1120 2538 1290 2613 sententia
1313 2556 1391 2627 est,

316 2659 408 2762 quod
426 2659 448 2730 ii
466 2687 551 2759 saepe
570 2654 764 2758 simpliciter
781 2673 814 2729 et
829 2655 956 2755 absque
976 2652 1046 2726 ullo
1059 2649 1173 2740 titulo,
1191 2649 1281 2752 apud
1298 2650 1393 2722 anti-

316 2805 402 2878 quos
419 2792 571 2848 auctores
588 2763 742 2847 dicantur
758 2771 907 2845 triuroein'
914 2801 929 2856 ,·
950 2769 1009 2846 sed
1021 2770 1078 2844 alii
1090 2797 1158 2842 non
1175 2768 1222 2842 ita
1238 2765 1392 2855 soleant,

312 2894 378 2966 nisi
395 2921 470 2965 cum
489 2889 635 2965 muneris
659 2888 711 2964 sui
739 2889 830 2962 notis
852 2887 1027 2985 designari.
1060 2888 1111 2960 Dc
1134 2885 1201 2994 illis
1224 2885 1391 2973 Plautus,

311 3008 460 3110 Amphit.
480 3008 554 3081 Act.
574 3010 608 3094 l,
629 3033 714 3080 soen.
738 3033 751 3078 1
773 3035 780 3078 :

428 3156 503 3225 Quid
516 3155 611 3210 tactam
624 3175 712 3220 nunc,
725 3155 746 3206 si
759 3159 911 3206 tresas'rr'me
924 3153 952 3205 in
963 3171 1086 3206 carcerem
1098 3147 1298 3219 compegerint?

427 3247 494 3301 Inde
507 3265 590 3301 erese
603 3241 785 3315 promptuaria
796 3242 860 3297 cella
873 3243 1015 3312 depromar
1027 3240 1059 3294 ad
1072 3240 1186 3310 flagrum
1196 3238 1208 3292 ?
1220 3249 1269 3291 ete.

311 3384 344 3439 ct
361 3365 455 3438 Asin.
476 3367 550 3439 Act.
570 3367 607 3450 l,
627 3389 714 3438 scen.
735 3387 780 3434 2:

689 3509 824 3583 ..2Narn
836 3509 891 3578 jam
903 3507 996 3560 euhoe
1007 3507 1064 3560 loco

347 3653 356 3668 Ι
471 3603 519 3657 lbo
531 3623 580 3674 ego
593 3603 624 3656 ad
637 3589 772 3663 tresvirol',
784 3610 927 3672 ¹vestraque
941 3598 976 3652 ibi
989 3599 1098 3652 nomina

473 3697 543 3750 Faxo
554 3707 641 3748 erunt.

309 3816 418 3890 Valer.
447 3815 633 3902 Maximus,
660 3813 718 3886 lib.
737 3813 1049 3912 Vttl,eap.1v,n.
1071 3833 1112 3895 2,
1133 3807 1172 3880 de
1189 3803 1386 3880 Alexandro

306 3933 424 4007 Fannii
439 3959 551 4016 servo,
576 3962 593 3992 «
609 3931 640 4002 A
655 3927 843 4028 judicibus,
860 3926 925 4014 ait,
944 3926 1136 4011 damnatus,
1153 3941 1218 3997 eta
1237 3925 1274 3997 L.
1299 3921 1387 3996 Cal-

311 4081 328 4112 »
348 4045 469 4148 purnio
488 4042 640 4117 triumviro
652 4041 687 4113 in
701 4067 830 4114 crucem
847 4059 940 4114 actus
955 4057 1014 4113 est.
1036 4039 1206 4111 »Tacitus
1221 4064 1385 4138 qnoque,

308 4163 341 4234 in
360 4159 527 4256 Agricola,
540 4158 633 4244 Vita,
655 4185 725 4257 rap.
746 4184 786 4245 2,
804 4156 918 4230 eadem
935 4182 1013 4231 voce
1030 4155 1066 4228 in
1083 4153 1234 4230 eumdem
1249 4151 1385 4248 signifi-
