3017 5000
323 480 971 555 nuscsrrrrosunruours
1110 479 1179 572 249

106 620 211 725 lapide
220 636 351 697 structo
365 651 459 724 aquae
474 621 594 711 ductu,
609 650 738 697 summo
755 637 970 708 ornamento,
986 646 1180 719 summaque

106 737 337 814 commoditate
351 766 410 839 per
426 738 568 813 mediam
585 738 703 812 urbem
719 733 864 823 labitur,
884 762 950 836 qua
967 734 1050 808 etin
1070 734 1181 808 hortis

107 872 132 930 et
143 852 272 954 campis
287 853 436 951 rigandis
453 870 596 928 utuntur
610 851 743 945 coloni)
760 850 842 926 alter
859 879 958 939 vero,
982 877 1083 951 quem
1101 848 1181 923 vel-

106 968 165 1045 lan
182 968 343 1055 dicimus,
361 997 380 1043 a
397 968 552 1068 Majella,
568 986 608 1043 ut
625 996 713 1043 nunc
729 966 920 1069 loquimur,
937 966 1087 1041 omnium
1099 994 1182 1040 nos·

108 1104 231 1161 uorum
249 1083 415 1159 montium
430 1083 615 1173 altissimo,
636 1084 723 1171 exit;
742 1099 859 1183 estque
882 1083 915 1155 in
941 1100 1059 1183 quarta
1080 1081 1184 1157 lutiae

107 1201 254 1297 regione,
266 1216 349 1274 teste
358 1197 488 1289 Plinio,
499 1216 600 1300 atque
608 1201 643 1273 in
654 1198 820 1295 Pelignis3
831 1197 950 1296 (vulgo
964 1226 1054 1271 nunc
1065 1197 1186 1292 Valra)

109 1317 160 1417 qui
169 1316 214 1391 ab
224 1315 366 1389 Oriente
375 1315 479 1389 habet
486 1316 681 1403 Frentanus,
692 1313 859 1390 aMeridie
869 1314 1035 1389 Samnites
1043 1330 1078 1388 et
1088 1315 1188 1388 Cam·

35 1408 41 1437 ⁸
108 1462 209 1535 panos
222 1462 232 1523 3
246 1433 291 1506 ab
308 1433 438 1508 Occasu
452 1434 588 1509 Marsos
602 1462 611 1521 3
630 1461 648 1506 a
669 1432 913 1535 septemtrione
926 1431 1140 1505 Marrucinos
1152 1448 1188 1506 et

108 1550 275 1625 Vestinos.
293 1548 376 1648 Ejus
394 1548 539 1623 ambitus
554 1548 597 1623 ad
613 1547 703 1623 mille
719 1575 858 1650 passus,
879 1575 984 1648 coque
999 1547 1098 1623 etiam
1115 1577 1185 1622 am-

108 1668 195 1771 plius
204 1666 393 1768 porrigitur
407 1697 416 1739 :
428 1684 532 1767 portae
543 1665 686 1768 publice
697 1665 872 1768 praecipuae
883 1683 960 1739 octo
973 1684 1069 1753 sunt3
1084 1666 1188 1742 urbes

109 1783 206 1859 ltaliae
219 1782 289 1857 lere
305 1809 441 1871 omnes,
456 1810 531 1884 quae
542 1782 789 1857 mediterraneae
810 1800 910 1869 sunt,
926 1781 1141 1857 edificiumm
1154 1800 1189 1857 et
1278 1822 1288 1845 ·

110 1902 189 1975 situs
205 1897 456 2000 pulchritudine
472 1896 608 2001 celique
624 1898 821 1974 salubritate
836 1897 879 1971 ab
895 1897 957 1985 iis,
976 1896 1033 1999 qui
1057 1896 1189 1972 ltaliam

109 2014 212 2117 ipsam
224 2014 384 2090 obierunt
393 2014 598 2103 universam,
611 2014 783 2116 adaquare
795 2014 1005 2089 adfirmatur:
1019 2014 1190 2118 habetque
1235 2019 1240 2030 '

111 2131 142 2206 in
158 2131 304 2229 singulis
321 2132 464 2221 riarum,
483 2150 522 2206 ut
538 2133 586 2207 ita
602 2132 763 2220 dixerim,
781 2131 951 2235 capitibus
966 2133 1119 2228 ingentes
1137 2160 1190 2207 ca·

110 2268 200 2323 tenas
223 2248 367 2337 serreas,
390 2248 577 2345 gladiorum
598 2249 722 2325 ictibus
745 2250 870 2351 passim
895 2236 1038 2337 incisas,
1063 2250 1189 2350 quibus

109 2365 201 2463 jactis
219 2382 254 2438 et
269 2366 414 2440 extensis
430 2365 539 2463 nostri
553 2364 640 2439 cives
654 2364 696 2439 ad
710 2366 841 2466 equites
853 2385 887 2440 et
902 2364 1063 2441 arcendos
1080 2384 1114 2439 et
1125 2354 1202 2439 im?

110 2482 292 2584 pediendos
307 2512 351 2558 ue
365 2483 560 2584 perurbem
583 2481 688 2574 libere
710 2503 930 2582 vagarentur,
955 2504 989 2559 et
1005 2513 1048 2558 ne
1067 2482 1192 2585 diripe-

111 2620 196 2692 rent,
214 2602 267 2678 rel
281 2601 445 2702 ejusmodi
457 2602 541 2692 alia,
559 2631 632 2704 quae
644 2599 767 2678 milites
780 2602 910 2694 solent,
927 2601 1114 2692 efficerent,
1132 2632 1193 2677 an-
1316 2695 1319 2703 Ι

112 2718 254 2819 tiquitus
269 2718 462 2793 utebantur.
486 2719 615 2816 Qarum
635 2717 768 2819 quidem
787 2735 975 2792 catenarum
992 2746 1059 2793 una
1080 2719 1192 2817 (nunc

111 2833 145 2906 in
157 2833 285 2908 nodum
300 2831 463 2924 collecta)
473 2859 621 2906 mearum
633 2833 769 2921 edium,
782 2862 855 2934 quae
865 2833 900 2906 in
909 2832 1046 2934 pulrlim
1059 2834 1110 2908 ria
1123 2835 1195 2908 sita

112 2963 210 3034 sunt,
224 2973 300 3047 qum
313 2945 416 3044 vulgo
433 2947 464 3020 le
476 2961 645 3046 rerepente
659 2945 798 3035 dicitur,
816 2947 1000 3048 parietibus
1013 2946 1121 3021 adlixa
1132 2966 1193 3022 est.

111 3061 251 3167 Templa
267 3064 411 3140 summis'
424 3063 570 3138 aedificiis
586 3081 753 3140 exstructa
767 3082 864 3152 sunt,
882 3066 925 3137 Ι).
943 3065 1113 3169 Pamphili
1140 3095 1194 3140 m-

113 3177 282 3268 thedrale,
298 3179 417 3280 inquo
433 3199 486 3254 ΧΠ
500 3181 732 3256 canonicorum
742 3209 902 3256 numerus
917 3198 986 3270 est,
996 3199 1031 3256 et
1044 3181 1196 3283 episcopi

113 3295 219 3384 ades,
239 3323 379 3398 quarum
401 3324 520 3392 magna
544 3323 621 3398 pars
648 3295 890 3392 elegantissime
913 3295 1095 3371 instaurata
1120 3314 1194 3370 est:

114 3411 159 3484 Ι).
178 3413 295 3488 Mariae
310 3413 549 3500 Annuntiatae,
566 3413 793 3512 cujus-annuo
808 3413 919 3487 reditu
934 3431 968 3486 ct
981 3411 1199 3514 eleemosynis
1320 3414 1325 3427 '

113 3531 230 3626 egroti
243 3530 398 3632 hospites
409 3559 508 3631 quam
519 3529 771 3627 diligentissime
782 3548 939 3605 curantur
949 3560 958 3604 a
970 3532 1066 3633 pueri
1081 3559 1197 3632 quam-

112 3642 252 3744 plurimi
269 3644 420 3747 undique
434 3644 597 3746 expositi,
616 3672 847 3747 pauperesque
864 3673 978 3719 omnes
993 3662 1060 3718 tam
1073 3663 1198 3720 nosue

111 3759 228 3848 urbis,
246 3789 346 3862 quam
361 3760 504 3849 externi,
517 3759 597 3834 satis
607 3759 781 3835 commode
794 3779 827 3835 et
837 3759 991 3850 aluntur,
1007 3778 1040 3833 et
1051 3761 1199 3836 vestiun-

112 3895 172 3952 tur
186 3907 195 3951 :
210 3879 251 3952 Ι).
265 3879 456 3966 Francisci,
474 3877 510 3950 in
525 3905 593 3978 quo
607 3876 726 3951 liatrcs
737 3877 988 3967 conventuales,
1003 3894 1043 3953 ut
1057 3893 1195 3962 vocant,

111 3997 218 4069 vitam
234 3995 360 4092 degunt
376 4027 384 4069 :
402 3993 465 4070 alia
479 3995 557 4067 DI).
573 3991 756 4089 Augustini
772 4009 805 4065 et
819 3992 1007 4081 Dominici,
1020 3992 1056 4066 in
1070 3992 1196 4093 quibus

112 4109 239 4185 horum
264 4111 438 4190 nominum
460 4109 620 4192 moniales
643 4127 731 4184 sunt.
761 4108 880 4183 lnlroc
894 4128 954 4185 aut
969 4107 1195 4193 dialecticam,

115 4245 178 4302 aut
196 4226 289 4303 aliam
305 4225 529 4330 philosophiae
542 4245 670 4328 partem
687 4227 958 4328 interpretantur.
979 4227 1022 4300 D.
1041 4222 1194 4310 Nicolai,
