3017 5000
319 389 386 472 324
651 384 1055 454 DEDICATIONES

316 548 386 602 rem
412 526 547 614 exilem,
574 524 721 612 aridam,
750 523 973 614 consciam,
994 525 1158 600 minutam
1181 543 1215 599 et
1231 526 1393 626 abjectam

316 643 574 746 adspernentnr3
593 659 893 744 censeantqucnon
900 639 1004 715 modo
1016 666 1086 714 nnn
1098 639 1260 736 legendus
1275 660 1394 744 poetas

316 797 407 858 esse,
424 767 481 844 sed
498 793 540 841 ne
553 766 766 863 attingendus
785 763 943 867 quidem:
959 794 1065 865 quum
1077 764 1258 868 prnsutim
1273 767 1318 842 ad
1333 797 1394 842 su-

316 893 395 967 lutn
410 889 570 966 orationis
583 889 738 977 uberius,
753 909 793 964 ut
810 888 948 976 dicitur,
964 887 1060 964 filum
1076 888 1322 979 deducendum,
1335 917 1395 966 ens

315 1015 431 1095 dicant
446 1012 530 1090 nihil
549 1017 689 1090 omnino
708 1013 810 1088 nobis
828 1013 1032 1102 conducere‚
1051 1038 1159 1114 neque
1172 1011 1263 1088 alind
1280 1013 1395 1112 legen-

315 1142 426 1228 tibus,
444 1169 543 1242 quam
560 1168 681 1213 meram
698 1136 902 1239 voluptatem
918 1137 1057 1212 adferre.
1084 1138 1241 1235 Quorum
1260 1157 1395 1213 sentcn-

315 1267 394 1340 tiam
420 1262 536 1340 salsam
561 1291 652 1350 esse,
676 1289 805 1362 semper
827 1260 979 1336 arbitrati
1005 1289 1140 1336 sumus:
1157 1261 1290 1361 poetica
1303 1261 1394 1336 enim

314 1388 488 1490 disciplina
506 1417 542 1463 ea
556 1384 808 1487 complectitur,
827 1412 900 1485 quae
916 1383 958 1456 ad
973 1382 1097 1458 bellum
1111 1383 1299 1483 pertinent,
1319 1413 1396 1484 qnae

314 1510 800 1589 adconsnctudinesbnnorum
811 1508 951 1582 invicem
961 1506 1177 1596 etmalorum,
1186 1509 1394 1609 privaturum

313 1657 414 1740 atqne
430 1636 596 1738 opificum.
611 1637 750 1708 Necnon
769 1632 809 1704 de
821 1633 894 1704 Deo
909 1649 1009 1732 atque
1020 1631 1136 1706 inferis
1148 1629 1394 1736 elegantissime

315 1779 453 1850 tractat,
472 1737 511 1834 nt
526 1759 626 1833 Plato
645 1785 713 1832 non
732 1757 845 1831 minus
862 1756 944 1829 scite
969 1780 1068 1856 qnam
1085 1782 1163 1830 vere
1182 1756 1391 1831 existimarit.

314 1891 364 1962 Ea
381 1899 443 1960 nos'
458 1883 501 1958 ab
525 1884 663 1957 ineunte
678 1898 773 1955 aetate
791 1880 834 1953 ad
850 1879 982 1954 vivendi
1004 1879 1150 1952 rationes
1167 1877 1304 1953 adducit
1319 1911 1328 1968 ;
1354 1909 1392 1956 ea

313 2037 445 2097 mores,
467 2035 504 2082 ea
520 2005 722 2082 adfectiones
746 2001 869 2089 doeet;
895 2027 933 2078 ea
951 2002 1048 2076 etiam
1065 2029 1119 2076 res
1137 2002 1300 2097 gerendas
1315 2031 1391 2078 cnm

311 2132 519 2235 jucunditate
530 2129 700 2231 praecipit.
729 2126 826 2202 Unde
849 2152 918 2202 non
935 2125 1100 2202 immerito
1116 2126 1391 2224 ingeniosissima

313 2256 378 2332 illae
394 2255 532 2330 Gracia·
541 2254 689 2328 civitates
701 2251 826 2326 liberos
838 2252 995 2352 proprios
1008 2249 1042 2323 in
1059 2277 1095 2324 ea
1109 2249 1310 2326 crudiendus
1321 2279 1392 2325 non

314 2377 414 2456 nuda
429 2377 632 2480 rnlnptatis,
661 2375 718 2449 sed
736 2392 833 2449 castae
855 2374 1092 2449 moderationis
1108 2375 1227 2470 gratia,
1253 2376 1392 2476 optimis

314 2504 575 2609 praeceptoribus
592 2498 810 2575 tradiderunt:
836 2490 999 2573 Semnus·
1012 2520 1157 2601 qnoque*
1170 2517 1322 2576 oratores
1337 2524 1392 2573 re

317 2650 423 2705 terum
442 2644 613 2730 pennata,
632 2621 682 2697 vel
706 2622 747 2697 ad
770 2622 869 2696 iidem
886 2621 1145 2711 causarumve!
1157 2622 1199 2697 ad
1215 2647 1391 2698 ornament·

318 2772 389 2829 tum
406 2750 616 2852 eloquentia,
631 2745 857 2848 adsumpsisse
867 2744 1024 2840 legimns3
1042 2766 1121 2819 nana
1135 2745 1306 2847 praecipue
1314 2747 1391 2848 qui-

317 2881 389 2953 dem
417 2904 521 2978 quum
545 2871 757 2975 apudalics,
783 2870 854 2943 tum
878 2868 967 2971 apud
990 2870 1185 2943 (tiemonem
1212 2868 1388 2956 videmus,

318 3000 430 3090 Accii,
451 2998 603 3084 Pacuvii,
628 2992 768 3082 Lucilii,
781 2991 949 3081 Terentii,
966 2991 1114 3080 Cucssii,
1130 3011 1164 3067 et
1178 2992 1323 3068 aliorum
1338 2995 1389 3067 in-

317 3126 381 3199 seri
397 3152 511 3199 versus
522 3149 648 3196 summa
660 3115 1033 3216 gratiaetjncnnditate.
1051 3116 1148 3191 Adde
1159 3117 1252 3219 quud
1263 3118 1387 3193 oratori

316 3280 335 3324 a
346 3248 456 3352 poetis
469 3248 504 3319 in
519 3244 620 3318 rebus
632 3242 771 3343 spiritus
784 3296 794 3329 ‚
811 3239 847 3312 in
859 3238 971 3313 verbis
984 3237 1189 3328 sublimitas,
1200 3240 1236 3314 in
1248 3239 1387 3315 adlecti·

316 3374 380 3446 bus
396 3388 508 3444 motus
523 3366 647 3453 omnis,
664 3382 695 3438 et
711 3364 745 3435 in
758 3363 910 3463 personis
919 3360 1018 3437 decor
1030 3364 1165 3463 petitur.
1182 3361 1262 3439 Iden
1274 3364 1386 3439 'lirec-

317 3494 488 3596 phrastus‚
501 3490 560 3591 qui
573 3487 744 3562 divinitate
760 3484 921 3586 loquendi
934 3506 1057 3559 nomen
1072 3486 1215 3577 invenit,
1233 3516 1302 3561 non
1315 3488 1386 3563 sine

316 3644 414 3691 cansa
440 3613 616 3689 lectionem
640 3626 815 3712 poctarum
839 3606 1021 3711 plurimum
1047 3607 1130 3684 dixit
1153 3612 1278 3685 oratori
1306 3640 1385 3687 enn-

317 3740 421 3826 lerre;
437 3740 617 3815 etMarcus
627 3737 762 3822 Cicero,
773 3732 934 3807 facundie
946 3731 1180 3835 literarumque
1196 3762 1336 3836 parens,
1350 3735 1383 3807 in

315 3892 430 3939 eorum
445 3860 587 3936 lectione
602 3858 807 3961 requiescere
824 3854 920 3931 illum
938 3856 1056 3931 debere
1072 3857 1279 3932 existimavit.
1292 3858 1381 3956 Quid

315 3988 467 4063 Ennius?
483 4013 595 4061 nonne
611 3998 730 4058 sanctos
745 3979 936 4082 adpellabat
943 3984 1080 4077 poetas?
1090 3980 1183 4081 quod
1193 3982 1284 4083 quasi
1293 3980 1380 4056 Dec-

316 4141 381 4185 rum
390 4111 495 4211 aliquo
505 4110 585 4185 duno
596 4124 821 4209 atqucmunere
832 4102 1034 4179 commendati
1040 4104 1198 4179 cobisesse
1207 4104 1374 4179 videantur.
