3017 5000
303 438 369 505 3oo
630 437 1036 507 DEDICATIONES

300 576 482 679 plurimum
491 576 721 666 inserviendo,
740 579 794 652 eui
808 578 962 679 inprimis
971 578 1074 651 amica
1084 594 1144 651 est
1156 576 1262 675 Quod
1273 606 1381 680 quum

303 690 457 767 similiter
471 691 537 768 sibi
552 721 746 794 persuasum
763 693 904 768 baberet
920 711 1095 796 poetarum
1114 693 1385 795 sapientissimos

303 809 490 896 Horatius,
510 808 595 882 banc
613 809 652 883 de
670 811 932 912 praeceptionum
947 810 1143 886 conditione
1154 810 1260 908 legem
1277 810 1381 887 tulit:

390 988 396 998 ·
468 973 604 1044 Quicquid
617 975 768 1046 praecipies,
780 986 837 1031 esto
848 975 947 1039 brevis,
961 987 992 1030 ut
1002 975 1056 1032 cito
1067 975 1135 1031 dicta

471 1065 623 1136 percipiant
635 1067 716 1119 animi
730 1067 841 1134 dociles,
856 1077 1018 1137 teneantque
1030 1065 1130 1122 fideles.

466 1156 558 1212 Omne
571 1177 763 1228 rupenacuum
775 1159 856 1230 pleno
867 1159 900 1214 de
911 1169 1018 1230 pectore
1029 1170 1127 1213 manat„

300 1297 388 1368 Nota
404 1312 454 1370 est
461 1295 629 1398 plerisque
641 1297 799 1371 omnibus
808 1295 919 1371 Persei
929 1297 1089 1382 historia,
1105 1323 1203 1397 quern
1218 1295 1383 1370 adversus

304 1411 499 1507 Gorgonum
526 1431 677 1508 gentem,
698 1442 837 1515 quarum
855 1415 968 1510 regina
985 1413 1050 1487 fuit
1065 1413 1226 1499 Medusa,
1249 1409 1381 1487 bellum

305 1525 463 1620 gessisse,
474 1527 569 1621 graeci
584 1527 764 1630 scriptores
772 1545 974 1615 memorant;
987 1526 1045 1602 sed
1054 1527 1154 1627 hujus
1164 1526 1264 1626 rebus
1273 1525 1379 1623 gestis

303 1639 424 1715 fabular
434 1669 537 1742 quum
556 1640 619 1715 alia
637 1642 902 1731 admiscuerunt,
922 1662 991 1719 tum
1009 1643 1231 1718 narrationem
1247 1641 1287 1716 de
1305 1642 1382 1715 Me·

189 1746 192 1752 ’
303 1753 393 1828 dusae
412 1755 520 1856 capite
537 1755 693 1844 saxifico,
712 1757 863 1832 Deorum
880 1786 945 1860 ope
957 1758 1000 1832 ab
1016 1757 1091 1858 ipso
1104 1774 1285 1859 amputato.
1298 1757 1381 1830 Hae

300 1872 454 1948 fabulose
482 1874 616 1963 adficta,
636 1894 794 1978 quantam
817 1877 853 1950 in
870 1905 995 1951 summa
1018 1877 1181 1951 brevitate
1206 1873 1381 1950 continent

302 1990 461 2066 doctrinae
486 1994 634 2096 copiam,
657 1993 699 2068 ad
720 1995 821 2068 vitam
848 2011 948 2096 atque
970 2023 1081 2069 mores
1100 1991 1327 2069 conferentis?
1350 1991 1381 2064 si

299 2108 472 2197 Perseum,
492 2110 619 2185 scilicet
631 2111 794 2184 rationem
805 2111 988 2208 intelligas,
1008 2111 1184 2187 Medusam
1193 2138 1294 2199 vero,
1310 2135 1379 2182 nna
1475 2189 1482 2198 ,

300 2255 375 2301 cum
395 2229 587 2316 sororibus,
605 2227 815 2330 voluptatum
832 2227 1021 2315 illecebras,
1041 2256 1113 2329 quar
1132 2225 1259 2301 ratione
1276 2251 1380 2325 snpe-

301 2343 367 2416 rari
385 2343 494 2418 solent
510 2343 623 2419 divino
640 2344 753 2445 adjuta
771 2341 895 2418 auxilio
922 2373 930 2416 ε
951 2342 986 2415 id
1011 2341 1104 2443 quod
1126 2342 1204 2437 agis
1218 2339 1381 2414 Minervae

301 2461 412 2535 innuit
429 2490 502 2535 cnm
523 2462 683 2538 Mercurii
701 2461 832 2561 gladio,
852 2478 886 2534 et
903 2460 985 2535 Orci
1006 2457 1114 2557 galea,
1132 2457 1255 2560 quibus
1272 2473 1381 2557 poeta

300 2575 395 2650 illum
412 2604 586 2652 armavere.
602 2578 705 2675 Quod
721 2578 749 2653 si
765 2578 958 2673 Gorgones,
977 2602 1051 2677 qua
1062 2570 1235 2647 Dorcadas
1252 2570 1383 2645 Oceani

301 2692 487 2794 AEtbiopiei
505 2692 631 2768 insulas
646 2692 816 2768 habitasse
840 2691 1080 2794 perhibentur,
1099 2716 1201 2790 aquas
1218 2688 1310 2789 ipsas
1326 2686 1383 2759 in—

301 2806 490 2906 terpreteris
507 2810 606 2882 maris
623 2807 729 2897 filias,
748 2806 926 2882 Medusam
950 2808 1028 2880 vem
1051 2822 1178 2907 partem
1200 2830 1312 2876 earum
1331 2818 1381 2873 te·

300 2921 472 3012 naiorem,
489 2950 528 2996 ac
539 2940 829 3025 supernatantem,
844 2924 1000 2998 Perseum
1013 2920 1157 3020 denique
1167 2914 1268 2991 solem
1284 2943 1381 2990 :non

301 3039 461 3115 defutura
479 3059 558 3116 sunt
572 3041 608 3115 in
625 3042 686 3118 bae
703 3044 776 3144 ipsa
799 3039 910 3116 fabula
935 3039 1159 3138 subjectiones
1176 3034 1380 3132 ingeniosa,

300 3157 341 3232 de
368 3176 510 3249 naturae,
539 3160 670 3261 Deique
693 3159 822 3262 opificis
839 3158 1028 3233 actionibus
1044 3154 1273 3238 mirabilibus,
1291 3154 1381 3227 vires

301 3304 379 3351 suas
388 3293 518 3351 naturae
527 3275 759 3379 impertientis.
773 3276 839 3349 Sed
850 3276 914 3350 ista
927 3276 1093 3377 prolixius
1106 3302 1195 3385 nuuc
1204 3274 1378 3374 persequi,

299 3392 554 3495 fabularumque
567 3394 728 3489 utilitates
740 3393 924 3468 uberrimas
944 3410 1096 3468 excutere
1113 3398 1275 3493 (quarum
1288 3388 1378 3477 alia,

302 3526 384 3582 teste
409 3508 682 3595 llalicamasseo‚
706 3526 834 3583 naturae
860 3535 961 3611 opera
983 3508 1159 3604 ὅλληορίις
1180 3504 1380 3580 adumbrata

301 3623 496 3715 coutinent;
524 3625 594 3701 aliae
620 3626 841 3700 bumanamm
869 3624 1089 3700 calamitatum
1115 3622 1380 3697 consolationem

300 3736 1381 3841 habent3aliaterrores,animorumquepertnrbationesanobis

304 3852 498 3958 depellunt,
516 3854 760 3959 opinionesque
777 3854 922 3930 evellunt
941 3882 1060 3957 parum
1078 3882 1190 3941 sanas;
1207 3852 1279 3927 aliae
1296 3850 1380 3927 alia-

301 4002 376 4049 rum
391 3972 572 4049 utilitatum
584 4002 681 4050 causa
695 3977 887 4070 excogitata
900 3972 1003 4070 sunt)
1021 3972 1110 4059 haee,
1130 3972 1285 4070 inquam,
1304 3996 1379 4070 per·

303 4087 396 4189 sequi
415 4106 515 4190 atquc
531 4116 695 4192 exponere
711 4088 812 4162 nimis
829 4104 916 4161 esset
932 4086 1081 4181 longum.
1100 4087 1234 4186 ltaque,
1258 4086 1378 4185 borum

305 4206 512 4279 enarratione
525 4206 560 4279 in
572 4205 664 4280 aliod
677 4219 809 4304 tempus
819 4202 962 4300 rejecta,
978 4200 1075 4277 renio
1087 4228 1176 4276 nunc
1187 4200 1231 4273 ad
1245 4216 1376 4274 carens
