3017 5000
306 458 387 521 ¹20⁸
647 455 686 519 P.
719 452 1060 521 OVlDllVlTA

321 596 415 682 navi,
441 620 540 695 quam
569 593 711 669 Ovidius
736 594 773 667 in
791 594 1014 680 Samothracia
1036 620 1152 669 rursus
1176 595 1346 685 ascendit,
1365 615 1406 672 ut

320 712 479 787 Thracica
497 729 624 813 peteret
640 712 759 795 litora,
777 738 836 812 per
862 711 1033 787 Bistonias
1052 741 1155 813 aquas
1170 713 1407 809 navigaturus,

321 828 401 903 dum
418 828 517 903 altera
536 828 629 903 navis
646 848 716 903 erat
731 830 881 902 Pontum
896 827 1035 902 aditura.
1063 840 1113 903 2⁰.
1141 830 1271 904 Exinde
1287 847 1406 931 patet,

321 946 407 1020 hanc
419 944 570 1042 Elegiam
585 976 603 1018 a
615 948 740 1019 Nostro
750 946 998 1033 concinnatam,
1014 976 1117 1047 quum
1131 946 1323 1022 adhucdum
1336 976 1409 1021 ver·

322 1080 451 1136 saretur
467 1062 501 1135 in
521 1060 575 1136 illa
594 1059 721 1149 insula,
750 1090 823 1161 quae
847 1060 883 1133 T
870 1059 1039 1167 yodoridt's
1046 1060 1221 1162 frotn'bus,
1245 1059 1314 1137 hoc'
1329 1080 1406 1149 est,

323 1181 455 1255 Castori
473 1198 507 1254 ct
525 1178 655 1253 Polluci
673 1198 862 1252 consecrata
880 1178 954 1252 suit.

370 1297 433 1369 lll.
453 1294 577 1369 Exstat
588 1322 691 1395 porro
708 1294 808 1367 Iocum
823 1293 968 1367 Ovidius
983 1293 1097 1369 eadem
1110 1292 1226 1389 Elegia
1236 1293 1339 1368 nohis
1353 1292 1410 1367 in-

324 1408 431 1499 dicat,
450 1408 514 1481 hoe
533 1437 597 1510 pro
615 1408 759 1483 secunda
771 1407 847 1482 navi
864 1425 979 1481 votum
990 1408 1149 1496 fundens,
1162 1436 1210 1482 vs
1226 1410 1268 1501 [μ
1286 1426 1322 1483 et
1334 1409 1410 1501 42:

487 1558 512 1611 Α
525 1557 619 1627 quibus
632 1556 753 1611 adveniat
765 1557 913 1609 Murrina
923 1574 1011 1626 sospes
1021 1556 1055 1609 erl
1066 1569 1168 1611 uuam

523 1648 633 1703 Oileusi
646 1667 700 1718 quo
713 1668 757 1703 rue
768 1647 896 1718 compulit
905 1648 944 1701 ira
958 1646 1019 1701 Dei.

325 1769 443 1843 Tomos
460 1768 616 1841 nimirum
640 1766 816 1862 indigitare
838 1764 964 1853 voluit,
985 1784 1026 1839 ut
1040 1794 1081 1839 ex
1101 1765 1161 1840 lib.
1183 1767 1253 1852 lll,
1271 1763 1327 1839 Et.
1353 1785 1410 1854 1¹,

324 1889 431 1994 liquet
446 1922 454 1965 :
469 1892 531 1966 ubi
551 1890 703 1967 eumdem
718 1888 831 1963 locum
849 1889 1061 1975 describens,
1082 1888 1149 1975 ait,
1167 1915 1251 1963 vers.
1267 1885 1333 1959 3-6
1349 1918 1358 1961 :

489 2040 551 2091 llnc
564 2056 668 2108 quoque
682 2038 774 2091 Hr'leto
783 2035 855 2090 missi
868 2054 966 2089 venere
977 2038 1079 2097 coloni,

523 2130 610 2199 loque
619 2128 695 2181 Getis
709 2127 803 2181 Graias
813 2127 975 2180 constituero
988 2124 1091 2179 domos.

469 2286 471 2289 Ι
492 2218 546 2272 Sed
561 2234 651 2272 veros
664 2211 725 2271 huic
737 2233 855 2281 nourr,
868 2216 1003 2285 positaque
1014 2219 1143 2284 antiquius
1153 2218 1227 2277 urbe,

524 2310 637 2365 Constat
650 2310 682 2364 ab
696 2312 807 2379 Absyrti
816 2307 886 2362 erede
899 2308 996 2373 luisse,
1009 2307 1076 2360 loco.

322 2431 473 2519 Deinde,
492 2428 628 2503 recitata
646 2426 747 2526 hujus
765 2424 901 2528 Alpes
923 2422 1061 2513 sabula,
1091 2422 1261 2525 quomodo
1285 2452 1413 2528 nempe

323 2549 442 2628 Medea
456 2577 553 2624 soror
567 2575 641 2621 enm
654 2543 871 2630 interfecerit,
891 2567 928 2616 ac
946 2541 1073 2616 divulsa
1091 2543 1163 2644 ejus
1180 2539 1331 2618 membra
1348 2573 1414 2646 per

323 2699 424 2766 agros
443 2666 671 2768 dissipaverit,
689 2663 784 2738 addit
798 2690 883 2737 vers.
903 2659 950 2734 33
969 2679 1001 2734 et
1018 2661 1088 2755 dd:

489 2812 557 2868 lnde
570 2813 664 2866 Totus
680 2811 765 2864 dictus
774 2809 848 2863 locus
859 2807 919 2872 hic;
936 2807 999 2877 quia
1011 2807 1098 2862 fertur
1109 2808 1136 2862 in
1149 2807 1194 2861 illo

523 2903 646 2956 Membra
658 2921 734 2956 soror
747 2901 836 2954 fratris
848 2903 1008 2954 consecur‘sse
1019 2898 1067 2952 sni.

326 3024 439 3098 Graeee
457 3049 535 3094 vero
553 3046 659 3094 roura
684 3020 718 3092 iu
735 3017 930 3112 vulgaribus
947 3013 1043 3090 libris
1067 3015 1225 3089 Straboni
1252 3024 1260 3054 ¹
1283 3015 1414 3092 dicitur

321 3171 359 3216 ac
380 3140 599 3217 Constantino
618 3137 920 3238 Porphyrogenctae
937 3141 969 3220 ²3
988 3133 1049 3206 etsi
1065 3132 1155 3234 apud
1171 3130 1265 3206 illum
1282 3131 1412 3230 legisse

322 3256 471 3329 videatur
494 3254 684 3355 Stephanus
708 3276 866 3336 ronuta,
885 3247 972 3320 sieut
987 3247 1054 3346 jam
1078 3245 1118 3332 el.
1141 3247 1214 3320 Nic.
1243 3247 1413 3324 Heinsius

322 3374 517 3448 observavit.
537 3372 628 3446 Huic
645 3371 744 3444 etiam
763 3365 900 3441 lectioni
918 3364 1032 3465 potius
1048 3366 1159 3439 favent
1179 3365 1340 3452 Nummi,
1373 3368 1413 3440 in

323 3489 447 3591 quibus
463 3516 548 3589 sepe
571 3487 729 3584 gignendi
748 3513 826 3559 casu
842 3507 982 3556 nonme
998 3482 1093 3555 urbis
1110 3509 1233 3554 nomen
1251 3481 1414 3576 signator

322 3635 398 3680 eum
415 3603 638 3705 metropoleos
652 3603 835 3700 dignitate:
848 3627 1002 3676 mutron-
1022 3628 1172 3676 nosror.
1185 3627 1341 3676 renunc.
1361 3605 1414 3678 At

322 3723 358 3795 iu
374 3721 449 3795 aliis
466 3721 588 3817 gentile
606 3750 726 3795 nornen
746 3719 890 3815 legitur,
905 3743 1088 3807 neuneu,
1115 3749 1174 3796 seu
1200 3746 1410 3810 roncinum

324 3836 599 3937 quemadmodum
622 3855 653 3911 et
670 3839 795 3910 Noster
812 3834 912 3910 latine
927 3855 1083 3911 Tomitas
1095 3837 1209 3911 hahet.

374 3949 464 4026 Urbs
483 3970 593 4028 autem
609 3952 684 4043 illa,
707 3955 808 4028 Totss
831 3980 971 4028 numero
993 3949 1116 4053 plurali
1140 3951 1232 4054 apud
1254 3949 1411 4026 Plinium

359 4142 367 4172 ¹
386 4137 484 4208 Geogr.
496 4139 539 4194 lib.
555 4141 618 4194 Vll.

355 4233 368 4264 ²
385 4229 440 4284 Lib.
456 4231 498 4298 ll,
515 4231 680 4288 Themat.11.
