3017 5000
427 506 524 573 PER
548 506 581 573 J.
603 501 834 571 MASSON.
1109 508 1168 573 113

111 668 179 727 aute
202 677 301 751 quam
324 664 450 723 aetatem
468 645 621 721 solebant
646 645 699 719 his
726 644 936 745 temporibus
964 660 1043 739 toga
1069 644 1174 720 libera

112 760 206 833 indui.

154 885 199 955 tta
209 900 320 956 autem
334 881 363 954 si
374 880 551 955 Rubenius
567 879 793 967 observasset,
808 908 877 953 nnn
891 879 1021 953 videtur
1032 880 1174 954 fundum

114 1025 171 1071 sue
181 995 350 1098 opinionis
359 994 394 1067 iu
407 996 710 1095 Statiopositurum
722 995 833 1068 luisse.
851 995 1008 1068 Attamen
1022 993 1073 1069 Cl.
1090 997 1177 1068 Grae

112 1113 192 1199 rius,
211 1112 269 1213 qui
285 1112 425 1185 Ferrarii
441 1108 638 1185 solutionem
648 1108 790 1207 legerat,
804 1109 995 1183 adhucdum
1006 1110 1177 1184 adfirmare

112 1228 279 1315 sustinuit,
302 1262 319 1291 ιι
337 1228 439 1300 istum
454 1224 552 1299 Statii
564 1224 676 1299 locum
691 1209 862 1326 tantopere
878 1226 1008 1301 firmare
1024 1256 1095 1301 eam
1108 1230 1177 1300 Ru·

114 1380 129 1411 a
145 1345 235 1419 benii
250 1344 467 1431 senteutiam,
485 1362 523 1417 ut
538 1342 623 1416 nihil
637 1342 708 1417 lieri
719 1345 831 1444 possit
846 1344 1017 1445 liquidius.
1033 1346 1098 1418 Per
1110 1344 1146 1416 T
1132 1373 1178 1448 y-

114 1495 129 1526 n
146 1461 219 1544 nus,
239 1463 370 1561 pergit,
389 1459 473 1533 sirus
489 1458 573 1532 nihil
595 1475 708 1559 potest
729 1456 892 1551 intelligi,
920 1460 986 1531 nisi
1004 1461 1176 1559 praetexta,

115 1611 130 1643 u
147 1606 214 1651 uon
226 1604 327 1663 vero,
345 1594 384 1649 ut
400 1576 638 1675 interpretatur
653 1575 840 1663 Ferrarius,
860 1575 968 1647 tunica
986 1575 1028 1648 ad
1044 1595 1177 1676 peetus,

116 1728 131 1761 n
147 1694 265 1770 sivein
276 1694 350 1767 sinu
363 1692 431 1766 lato
443 1691 535 1765 clavo
544 1692 694 1786 insignis.
711 1691 799 1788 Quis
813 1692 899 1766 enim
911 1722 1057 1795 unquam
1070 1695 1180 1769 sinum

116 1842 130 1871 o
147 1807 268 1881 tribuit
285 1807 422 1892 tunicae,
441 1823 503 1879 etc.
525 1838 542 1870 o

156 1933 273 2029 Quum
291 1930 357 2004 hoc
373 1946 507 2025 rogaret
523 1928 767 2003 eruditissimus
783 1929 852 2018 uir,
877 1960 992 2005 versus
1016 1960 1084 2006 non
1105 1960 1181 2007 suc-

116 2047 310 2133 currebant,
330 2074 415 2149 quos
423 2046 496 2145 ipse
505 2044 683 2119 Rubenius
696 2072 735 2118 ex
747 2045 954 2130 Albinoroni,
973 2063 1012 2118 ut
1025 2076 1100 2120 eum
1109 2047 1182 2122 aliis

116 2162 291 2237 arbitratur
307 2161 506 2263 ¹,Epicedio
524 2162 558 2233 in
575 2163 789 2235 Maecenatem
804 2161 971 2249 laudavit,
988 2191 1071 2235 vers.
1091 2162 1160 2235 25:

278 2330 371 2386 Invide
381 2370 390 2397 ,
402 2330 465 2399 quid
479 2330 586 2384 tandem
599 2338 690 2384 turrea
701 2304 816 2385 noeuere
828 2336 929 2395 solute,

309 2424 365 2475 Aut
376 2422 423 2475 tibi
437 2426 537 2475 terrosi
544 2422 606 2490 quid
620 2442 735 2475 nocuere
747 2428 844 2477 siuns?
927 2416 932 2429 ’

115 2567 171 2644 ubi
188 2569 312 2642 diserte
328 2567 414 2639 suus
431 2568 549 2640 tunieae
567 2543 764 2663 tribuuntur
778 2550 955 2651 discinctae,
976 2595 1082 2668 quam,
1093 2598 1185 2665 gere-

115 2686 172 2760 bat
188 2687 372 2768 lllaecenas,
391 2679 480 2755 und'e
506 2679 556 2752 illi
584 2679 741 2774 dicuntur
754 2682 894 2789 'ventosi
921 2683 991 2754 Nec
1014 2683 1110 2757 video
1128 2713 1188 2758 eur

117 2803 240 2877 Statius
256 2831 297 2875 eo
309 2798 386 2873 luco
401 2826 471 2870 non
485 2798 634 2899 potuerit
647 2796 913 2889 latunrslavum,
933 2828 1051 2899 quem,
1069 2819 1108 2874 ut
1120 2805 1189 2876 Ho-

117 2917 217 2991 ratius
232 2915 340 2989 habet
354 2923 386 2999 ²,
405 2911 601 2985 demittebant
614 2927 763 3011 pectore,
792 2939 855 3011 pro
873 2941 942 3012 quo
960 2913 1083 3014 passim
1106 2917 1189 2989 stitus

117 3034 271 3134 ponitur,
293 3028 448 3103 translate
463 3056 522 3129 per
540 3026 653 3132 Tyrios
666 3025 750 3098 stitus
763 3023 962 3120 intellige1·e;
980 3030 1189 3128 quemadmo-

121 3152 196 3226 dum
213 3151 356 3252 ipsemet
371 3146 454 3219 dixit
471 3143 529 3218 lib.
549 3146 608 3252 Ν,
626 3141 716 3242 Sylv.
736 3161 787 3230 lv,
805 3172 888 3217 vers.
905 3143 973 3243 76:

283 3322 348 3374 Jam
360 3332 386 3374 te
398 3317 494 3372 blanda
505 3323 563 3370 se'nu
577 3317 652 3386 Tyrio
663 3315 711 3368 silvi
717 3319 800 3383 gloria
809 3315 872 3369 lelix

286 3413 406 3476 Educet,
421 3421 447 3464 et
459 3419 565 3464 cunctas
578 3407 674 3481 gaudet
686 3407 817 3476 spondere
829 3407 939 3462 curules.

121 3557 219 3632 Plura
233 3557 289 3632 his
307 3569 446 3656 possent
462 3548 554 3637 addi,
574 3549 698 3649 quibus
719 3546 775 3620 illa
797 3548 838 3622 cl.
857 3551 1004 3624 viromm
1022 3553 1135 3655 opinio
1154 3583 1191 3628 ae

119 3673 190 3748 alia
211 3675 353 3772 insuper
369 3667 432 3742 hac
449 3667 484 3739 in
501 3694 536 3740 re
553 3663 829 3738 hallucinationes
852 3666 1112 3756 revincerentur;
1132 3671 1192 3743 sed

119 3818 155 3863 ea
168 3789 268 3862 nobis
283 3786 339 3859 hic
352 3779 640 3866 suntomittenda,
660 3805 703 3851 ne
716 3778 1090 3874 longiorliatexcursus.
1104 3787 1192 3858 Con·

121 3901 275 3978 sulantur
288 3898 432 3983 interim,
444 3893 713 3996 quae.Ferrarius,
723 3893 761 3965 iu
771 3893 940 3969 Analeetis
950 3897 1106 3973 adversus
1120 3903 1191 3974 Ru-

151 4087 160 4116 ¹
180 4081 262 4136 Nobis
271 4081 345 4133 enim
358 4098 412 4134 non
424 4077 529 4130 videtur
541 4075 613 4130 istius
627 4085 710 4145 poeta
722 4095 846 4142 carmen,
859 4077 898 4131 uti
909 4078 962 4146 jam
972 4079 1000 4132 in
1014 4081 1118 4134 Horatii
1127 4082 1191 4136 vtn

121 4167 307 4231 iudicavimus,
319 4183 377 4233 pag.
391 4163 515 4229 143·145.

153 4253 167 4283 ²
184 4249 281 4314 unt,
298 4246 353 4301 Sat.
366 4260 413 4312 vt,
434 4261 499 4297 verr.
515 4243 555 4296 28.

220 4346 333 4420 VIII.
998 4348 1019 4409 8
