3017 5000
331 478 397 545 250
614 476 881 549 HERCULI’S
906 478 1125 550 GIOFANI

327 618 365 691 in
383 617 598 719 qunordinis
609 620 752 695 ⁴minoris
769 620 1012 709 observantis,
1040 648 1147 722 prope
1164 614 1285 694 ruoenia
1301 619 1403 696 collo·

326 754 439 811 cumn
457 734 514 811 ab.
533 737 700 839 Spiritus,
719 738 812 839 quod
828 756 879 813 est
896 738 1054 841 princeps
1071 732 1326 814 Caelestiu'orum
1340 766 1403 814 eoe-

327 852 468 929 nubium
480 909 490 944 ,
504 853 576 927 duo
593 854 696 928 millia
712 884 872 959 passuum
889 856 1051 931 Sulmone
1068 858 1193 933 distans
1205 857 1241 931 iu
1254 856 1403 960 Septem-

327 971 492 1058 trioucru,
507 972 574 1046 sub
592 974 729 1047 Moruni
745 976 872 1049 montis
884 974 1053 1050 radicibus
1069 975 1189 1065 situm,
1201 996 1269 1050 tarn
1286 1004 1404 1072 magno

325 1088 457 1162 ambitu
474 1106 508 1161 et
526 1087 673 1163 udiliciis
691 1089 738 1163 ita
753 1089 921 1193 pulchris,
939 1093 1030 1166 utin
1047 1093 1201 1168 universo
1218 1092 1403 1168 christiana

326 1200 519 1303 reipublice
544 1204 646 1291 orbe,
664 1232 704 1278 eo
726 1206 853 1304 majus,
879 1226 986 1307 coque
1005 1207 1211 1281 commodius
1222 1203 1296 1305 (ad
1312 1236 1399 1281 suur-

326 1346 419 1391 mnm
433 1336 594 1419 quatuor,
609 1338 667 1393 aut
683 1320 833 1421 quinque
844 1322 1032 1423 exceptis),
1046 1324 1182 1396 inventu
1198 1322 1335 1398 difficile
1347 1326 1402 1398 sit:

325 1436 362 1510 iu
375 1438 445 1511 boc
458 1435 696 1512 mouutllrorum
709 1438 893 1545 suffragio,
912 1440 971 1542 qui
985 1466 1024 1513 ex
1041 1439 1198 1512 omuibus
1209 1439 1316 1514 ltaliae
1332 1468 1403 1513 mo-

325 1554 480 1630 nasteriis
497 1582 536 1631 eo
554 1582 590 1629 se
607 1555 803 1643 conferunt,
823 1553 929 1631 abbas
944 1554 1048 1629 divini
1064 1555 1211 1629 numinis
1233 1554 1402 1630 voluntate

326 1672 475 1772 spirante
496 1672 596 1747 tertio
622 1700 758 1773 quoque
780 1657 1096 1757 anuo'dec'laratun
1114 1672 1158 1743 Ι).
1181 1671 1403 1773 Hieronymi,

326 1786 419 1888 quod
438 1780 635 1888 Capucciui,
653 1804 691 1861 ut
706 1786 897 1888 adpellant,
921 1786 1091 1875 incolunt,
1104 1783 1198 1860 mille
1221 1814 1342 1887 passus
1363 1784 1402 1861 ab

327 1900 411 1975 urbe
420 1896 550 1977 distans
564 1959 573 1989 ‚
588 1900 624 1975 in
638 1901 812 1977 Meridiem
822 1930 933 2004 prope
944 1900 1094 1976 Casilum
1105 1900 1334 1975 monticulum
1345 1928 1403 2002 po

263 2118 266 2128 ¹
325 2020 438 2095 situm.
457 2021 545 2093 Sunt
558 2038 595 2095 et
609 2021 647 2093 iu
664 2020 749 2094 urbe
773 2020 923 2122 quinque
946 2019 1009 2094 alia
1030 2019 1216 2115 virginum,
1239 2049 1315 2121 qnae
1330 2020 1401 2093 Ileo

326 2135 442 2211 «licata
453 2154 550 2224 sunt;
565 2138 608 2210 D.
621 2136 725 2212 Clarus
735 2194 744 2227 ‚
756 2139 800 2211 Ι).
813 2134 1017 2224 Cathariuae,
1028 2140 1073 2211 l).
1087 2138 1249 2225 Monicae,
1260 2138 1308 2212 Ι).
1321 2138 1402 2212 Cos·

326 2282 397 2343 mu,
412 2257 455 2328 D.
469 2246 628 2342 Antonii,
640 2253 771 2356 aliaque
783 2253 1026 2357 quamplurima
1035 2254 1310 2357 presbyterorum
1321 2280 1401 2327 curu

325 2372 502 2446 commissa
512 2388 575 2461 ,ut
590 2372 646 2458 id,
665 2371 756 2472 quod
767 2372 869 2445 modo
882 2372 970 2458 dixi,
983 2373 1027 2444 Ι).
1042 2370 1158 2445 blariae
1169 2369 1399 2468 bonomiam,

326 2486 413 2561 iuter
430 2506 554 2588 quaest
571 2486 656 2561 illud
673 2504 725 2563 est
742 2487 836 2562 Divae
853 2486 970 2562 Mariae
987 2486 1029 2562 de
1044 2486 1194 2575 Tumba,
1210 2486 1272 2560 ubi
1291 2483 1403 2561 Ovidii

326 2604 446 2680 rodium
462 2633 541 2706 pars
559 2623 592 2678 et
609 2605 769 2707 templum
787 2605 889 2680 luisse
907 2604 1059 2679 traditur.
1082 2607 1125 2678 ln
1136 2604 1194 2678 bis
1211 2621 1323 2678 autem
1338 2602 1402 2676 fere

326 2723 485 2798 omnibus
496 2723 609 2799 multae
623 2742 701 2799 sunt
718 2707 911 2800 sanctorum
921 2722 1088 2824 reliquiae,
1106 2751 1178 2825 quae
1191 2723 1402 2797 abomuibus

325 2839 422 2914 urbis
447 2838 640 2918 homiuibus
656 2859 690 2916 et
706 2842 871 2929 externis,
896 2843 990 2917 statis
1010 2841 1134 2915 ‘diebus
1156 2839 1402 2937 religiosissime

327 2956 489 3031 visuntur.
508 2959 690 3034 societates
704 2978 853 3062 septem,
871 2959 1078 3034 sanctissimi
1092 2960 1244 3061 corporis
1253 2955 1400 3044 Christi,

328 3071 549 3148 Sanctissimis
557 3074 733 3150 Trinitatis
743 3131 753 3162 ‚
765 3074 974 3148 DiviJacobi
987 3071 1158 3176 Apostoli,
1175 3075 1271 3150 Diva
1287 3071 1401 3148 Maria

327 3187 544 3284 Angelorum,
554 3190 648 3266 Divo
662 3191 777 3265 Marias
788 3190 830 3264 de
841 3218 1017 3280 succursu,
1027 3192 1123 3265 Divae
1132 3190 1249 3265 Mariis
1259 3189 1301 3263 de
1312 3193 1402 3265 Lau-

325 3329 422 3400 reto,
444 3329 480 3386 et
496 3313 821 3388 Sanctae-Crucislu
837 3313 903 3387 boc
920 3331 1008 3388 artes
1018 3339 1110 3416 paene
1120 3340 1252 3399 omues,
1268 3337 1345 3412 quse
1362 3307 1402 3383 ad

326 3457 423 3504 usum
434 3427 619 3505 humanum
631 3429 822 3505 necessarie
836 3446 933 3516 suut,
950 3429 1063 3525 vigent
1075 3425 1257 3531 :praecipue
1271 3443 1399 3511 autem,

327 3573 401 3644 qne
411 3564 515 3620 ercet
525 3563 644 3622 stanno
654 3545 760 3633 fiunt,
778 3575 920 3648 quarum
928 3573 1029 3648 opera
1039 3545 1087 3619 ita
1099 3543 1285 3619 efferuntur
1296 3543 1403 3618 laudi·

326 3662 408 3750 bus,
423 3665 505 3738 utin
513 3661 650 3768 Europa
656 3665 809 3740 universa
817 3661 963 3765 eisparia
972 3663 1113 3737 inveniri
1121 3679 1295 3758 negentur.
1306 3659 1401 3758 Quo

327 3807 402 3853 rum
415 3779 589 3856 artificium
607 3800 641 3856 et
659 3781 854 3878 elegantiam
873 3779 1055 3854 admiratus
1072 3777 1318 3853 eruditissimus
1337 3778 1400 3865 vir,

327 3895 452 3972 Paulus
461 3895 652 3986 Manutius,
663 3897 705 3972 ad
716 3901 767 3974 M.
781 3895 969 3972 Antonium
982 3895 1133 3984 fratrem
1144 3897 1203 3999 qui
1212 3924 1334 3970 aereum
1345 3894 1401 3968 tri·

327 4015 416 4119 poda
428 4014 869 4113 benevolentiaeargumcuto
878 4015 921 4089 ad
934 4041 1009 4090 eum
1016 4015 1160 4101 miserat,
1169 4011 1316 4087 libroXl
1327 4040 1401 4086 sua·

327 4133 687 4236 rumEpistolarumita
697 4132 831 4208 scribit:
842 4130 1207 4234 «Vasculoaereo‚quod
1216 4129 1314 4204 adme
1322 4129 1401 4202 Her

331 4285 348 4320 r
365 4250 455 4328 cules
463 4249 562 4327 lrater
572 4249 732 4327 tuusberi
741 4248 874 4342 adtulit,
883 4249 971 4324 nihil
978 4247 1166 4339 amabilius,
1176 4273 1285 4348 neque
1292 4245 1329 4320 id
1338 4273 1402 4320 usu
