3017 5000
306 420 371 505 243
609 418 875 487 uuucnms
901 418 1128 515 moram

468 559 533 613 Mox
543 558 614 613 ltalis
627 559 753 628 paulatim
765 557 863 613 adtrito
874 558 983 612 nomine
996 557 1108 612 Sttunto.

468 644 506 698 At
517 662 600 713 quum
613 641 752 697 barbaricis
765 642 882 696 Satricus
890 635 953 695 cum
965 660 1027 710 rege
1040 641 1151 695 catervis

470 725 620 791 Advectos,
631 744 685 794 quo
696 744 752 779 non
764 737 882 795 spretum
896 726 934 791 (sl
946 722 1158 795 poscentum)

451 810 583 863 -Noscere
596 808 699 863 Getulis
711 810 796 863 Latias
810 809 956 879 interprete
969 828 1063 863 voces:

468 893 610 959 Postquam
622 909 697 961 posse
711 889 803 945 datum
816 892 926 963 Peligna
937 891 1052 946 revisere
1065 900 1154 955 tecta,

468 976 505 1032 Et
513 977 630 1047 patrium
638 996 743 1047 sperare
759 978 843 1031 larem
855 1015 862 1029 .
873 1014 895 1029 ..
916 989 943 1031 et
952 997 1007 1046 qun
1019 984 1162 1046 sequantur.

302 1110 355 1182 Ex
372 1136 440 1209 quo
456 1106 645 1207 colligimus
664 1109 859 1184 Sulmonem
877 1110 1051 1183 conditum
1076 1137 1148 1184 esse
1172 1124 1248 1182 ante
1265 1105 1391 1181 urbem

304 1229 446 1301 Romam
464 1255 571 1301 annos
587 1228 716 1303 circiter
733 1246 830 1304 cccc.
856 1228 997 1329 Accipio
1021 1244 1132 1302 antem
1149 1229 1298 1301 Romam
1324 1224 1393 1297 ori-

289 1340 412 1439 'ginem
427 1343 561 1419 duxisse
573 1374 592 1417 a
603 1344 823 1444 Troianismt
835 1344 960 1419 indicat
972 1343 1166 1433 Sallustius,
1178 1337 1388 1418 aenonnolli

305 1455 361 1530 alii
383 1476 543 1532 auctores.
563 1459 718 1533 somno
735 1476 845 1533 autem
865 1460 1015 1533 AEouas
1031 1456 1133 1532 liliam
1154 1484 1297 1533 uxorem
1318 1471 1389 1527 tra-

307 1569 418 1644 didit:
439 1590 585 1672 quatuor
604 1572 692 1647 enim
710 1572 815 1647 foisse
835 1574 948 1648 AEneae
965 1572 1050 1647 filias
1066 1571 1225 1668 legimus3
1244 1570 1392 1672 primam

305 1688 342 1760 in
352 1687 509 1774 Thracia,
520 1687 656 1764 alteram
665 1689 701 1763 in
713 1687 954 1793 Peloponesio,
967 1689 1097 1764 tertiam
1104 1687 1140 1762 in
1149 1687 1255 1787 Epiro
1263 1702 1393 1787 nuptas

305 1804 461 1906 reliquit;
477 1822 627 1906 quartam
641 1835 719 1881 vero
731 1807 885 1909 Solymo,
901 1807 959 1910 qui
972 1835 1083 1881 secum
1096 1806 1223 1904 eTroja
1234 1821 1390 1889 venerat,
1417 1789 1425 1807 ⁴

308 1920 446 1995 tradidit
461 1952 468 1994 :
484 1922 590 1997 victor
601 1940 718 2024 postea
732 1925 768 1996 in
776 1924 876 1998 Latio
890 1923 1063 2025 Solymum
1075 1950 1152 1996 cum
1165 1939 1259 2023 parte
1272 1918 1392 2021 copia·

306 2064 381 2109 rum
403 2036 444 2108 ad
472 2038 603 2111 Marsos
625 2038 735 2127 misit,
761 2039 819 2142 qui
841 2040 960 2113 urbem
985 2038 1021 2113 in
1046 2036 1195 2133 Pelignis
1220 2034 1389 2111 fundarit.

309 2154 423 2225 Unum
433 2180 470 2225 ex
479 2151 759 2253 splendidissimis
767 2152 871 2229 ltalia
879 2154 1286 2255 municipiisluitntexL.
1297 2148 1390 2223 Flori

308 2268 436 2355 verbis,
456 2298 528 2371 quae
540 2270 626 2343 insra
637 2300 777 2373 ponam,
791 2272 967 2374 perspicue
978 2269 1126 2371 adparet.
1141 2272 1193 2344 De
1206 2267 1388 2355 Sulmone,

310 2385 350 2459 de
367 2387 438 2485 ejus
455 2386 542 2474 situ,
561 2415 659 2487 quem
673 2416 764 2461 nunc
781 2415 915 2488 quoque
929 2386 1028 2487 plane
1041 2386 1159 2474 resert,
1175 2385 1284 2488 deque
1301 2412 1391 2460 carn·

309 2527 431 2600 porum
447 2486 587 2587 oritura,
606 2529 644 2574 ac
659 2498 829 2575 fertilitate
842 2502 889 2574 ita
904 2503 1046 2592 Noster,
1063 2501 1140 2576 Am.
1157 2503 1212 2588 lt,
1230 2518 1321 2586 ΧΠ,
1345 2526 1358 2570 r
1377 2526 1385 2569 ε

476 2659 523 2712 Me
538 2677 597 2728 pars
610 2658 705 2712 Sulmo
719 2661 794 2713 tenet
807 2657 911 2729 Peligni
924 2658 1001 2713 tertia
1011 2659 1098 2728 ruris,

505 2740 607 2806 Parra,
625 2739 670 2794 sed
684 2740 790 2810 irriguis
801 2759 848 2793 ora
860 2739 971 2794 salubris
980 2741 1062 2810 aquis.

474 2820 521 2875 Sol
534 2819 595 2874 licet
607 2820 715 2875 admoto
727 2820 851 2874 tellurem
863 2819 949 2874 sidere
961 2821 1064 2887 findat,

509 2903 545 2957 Et
557 2903 637 2959 micet
649 2903 726 2958 Icarii
737 2903 812 2957 stella
824 2913 948 2974 proterva
959 2905 1048 2970 canis,

476 2986 549 3039 Arra
560 2997 733 3055 pererrantur
744 2985 854 3056 Peligna
866 2985 1027 3056 liquentibus
1038 2985 1132 3053 undis,

511 3069 547 3122 Et
560 3071 626 3124 viret
637 3069 666 3123 in
679 3079 774 3124 tenero
783 3069 875 3125 fertilis
887 3071 969 3125 herba
983 3071 1049 3126 solo.

479 3153 563 3208 Terra
575 3152 649 3208 serax
664 3153 787 3221 Cereris,
800 3156 937 3224 multoque
948 3155 1063 3210 feracior
1074 3156 1150 3222 uvis,

509 3237 565 3292 Dat
576 3258 680 3309 quoque
694 3238 851 3294 baccileram
863 3240 970 3295 Pallada
979 3261 1054 3295 rarus
1071 3261 1141 3312 ager.

442 3343 449 3356 ¹
477 3325 583 3393 Perque
598 3335 767 3394 resurgentes
781 3325 843 3378 rivis
854 3325 1001 3379 labentibus
1012 3325 1107 3380 herbas

511 3407 673 3465 Gramineus
684 3408 820 3464 madidam
831 3429 920 3480 cespes
931 3411 1072 3467 obumbrat
1086 3410 1208 3465 bumum.

315 3539 451 3612 Positus
460 3554 516 3632 est
531 3537 647 3612 Sulmo
660 3538 695 3612 in
709 3537 820 3612 medio
837 3536 905 3613 sere
918 3536 1069 3641 planitiei
1083 3558 1135 3614 xtt
1148 3538 1278 3614 milliar.
1294 3567 1390 3614 mon-

317 3650 407 3726 tibus
421 3651 640 3741 circumdata,
653 3679 726 3753 qua
735 3650 858 3726 alicubi
870 3650 913 3725 ad
922 3653 985 3726 tria
995 3708 1006 3740 ,
1017 3651 1141 3727 alicubi
1153 3681 1232 3728 vero
1243 3651 1285 3727 ad
1297 3655 1392 3754 quin·

317 3794 381 3868 que
399 3764 502 3840 millia
516 3795 675 3868 passuum
693 3769 728 3842 iu
742 3767 953 3843 latitudinem
966 3769 1173 3855 exuaditum
1194 3786 1294 3870 atque
1308 3770 1391 3842 inter

317 3883 403 3958 dnos
421 3911 552 3972 amnes,
579 3912 722 3986 quorum
740 3883 842 3974 alter,
861 3913 961 3987 quem
985 3904 1111 3960 veteres
1132 3884 1286 3986 Giptinm
1307 3883 1390 3986 (qui

317 4030 355 4075 ex
371 3999 490 4074 Aufeia
505 4029 609 4101 aqua,
627 4028 700 4101 quae
717 4017 833 4101 postea
846 4002 970 4074 Martia
979 4000 1068 4074 dicta
1079 4018 1147 4091 est,
1166 4003 1319 4093 emanat)
1334 4028 1389 4072 ro-

317 4145 426 4207 rasse,
445 4115 544 4192 multi
561 4115 712 4203 tradunt,
729 4116 773 4190 ab
791 4117 970 4219 Apennino
986 4118 1106 4217 (cuins
1118 4145 1210 4218 pars,
1228 4117 1390 4219 quadrato
