3017 5000
352 482 413 551 170
682 462 723 527 r.
752 418 935 530 ovron
959 462 1093 531 vrrs

513 624 597 681 Anno
607 622 640 680 C.
652 643 696 691 ιη
709 626 745 681 U.
758 626 792 681 C.
803 640 933 693 uenum
944 626 1037 683 Ovidii
1047 640 1113 681 xm
1124 636 1153 681 et
1163 638 1248 681 nvn.

422 766 503 822 SEX.
520 766 624 824 AEtlo
643 764 1218 837 ctTo,esttrtrtostTuRtt1N0
1236 766 1342 825 COSS.

383 894 421 999 ΙῙ.
445 892 484 967 Sl
501 893 680 969 maximum
698 894 901 993 scaligerum
923 923 1116 997 sequamur,
1136 894 1281 969 adhunc
1300 919 1420 967 aunum

346 1011 545 1111 spectaverit
555 1012 707 1085 Messala
717 1011 845 1087 Coroni
850 1042 951 1101 mors,
961 1042 999 1086 ae
1009 1014 1045 1087 in
1056 1043 1126 1088 eam
1138 1012 1300 1115 scripturn
1311 1010 1422 1085 Ovidii

347 1154 496 1215 carmen,
518 1127 610 1228 quod
625 1128 726 1228 periit
738 1129 901 1230 quidem,
919 1131 980 1206 sed
993 1131 1036 1205 ab
1057 1131 1202 1231 ipsomet
1223 1146 1423 1203 memoratur

345 1242 406 1317 lib.
420 1247 436 1319 l
450 1273 489 1319 ex
503 1246 633 1332 Ponto,
653 1246 718 1346 Ep.
733 1265 807 1334 vll,
822 1247 996 1321 Messalino
1009 1245 1148 1321 Corvini
1161 1244 1232 1319 lilio
1243 1244 1421 1344 inscripta,

345 1388 433 1435 vers.
455 1361 592 1461 27·30=

514 1494 570 1547 Nee
583 1504 642 1547 tuus
652 1504 693 1549 est
700 1500 802 1564 5em'tor
811 1515 861 1549 uos
871 1492 1004 1552 inficiatus
1015 1494 1130 1562 amieos,

543 1586 673 1639 Hortator
683 1586 764 1640 studii
775 1606 905 1657 causaque
918 1586 1014 1657 faxque
1027 1587 1089 1641 mei.

514 1674 567 1729 Cui
579 1696 628 1731 nos
640 1687 666 1731 et
680 1691 838 1746 rtcnruts,
850 1693 1005 1749 supremum
1017 1678 1045 1731 in
1051 1676 1144 1746 fream
1154 1694 1270 1745 munus,

543 1768 580 1822 Et
592 1772 705 1823 dedrbras
718 1769 807 1823 medio
818 1774 915 1838 ecn'pta
925 1768 1045 1822 uuanda
1056 1767 1118 1820 loro
1129 1771 1147 1820 ¹.

344 1866 468 1968 quibus
485 1896 525 1942 ex
541 1870 652 1945 serbis
669 1869 883 1944 doctissimus
899 1868 956 1943 ille
979 1868 1030 1942 vir
1047 1885 1136 1942 recte
1158 1864 1311 1962 colligit,
1332 1868 1424 1941 Mes-

347 1980 449 2057 salam
465 2000 540 2056 ante
560 1983 711 2058 exsilium
730 1982 846 2057 Ovidii
865 1984 932 2081 jam
950 1980 1150 2069 decessisse;
1173 1981 1324 2083 hincque
1348 2009 1425 2055 cou-

347 2098 452 2188 lutat,
472 2099 563 2200 quod
579 2100 615 2173 in
631 2099 772 2188 Eusebii
782 2099 943 2173 chronico
957 2097 1081 2193 legitur
1090 2096 1136 2171 ad
1146 2124 1272 2170 annum
1282 2095 1425 2171 Abrabe

349 2234 534 2305 uuxxvrr,
553 2216 691 2319 Olymp.
724 2234 866 2304 cxcvii,
884 2244 937 2290 an.
969 2242 1057 2302 ιιι,
1077 2213 1144 2323 hqc
1160 2230 1231 2302 est,
1248 2240 1303 2287 an.
1324 2216 1368 2287 U.
1387 2214 1423 2287 C.

349 2349 525 2419 ucctxtll,
543 2332 594 2405 vel
613 2333 891 2434 subsequentem,
911 2331 952 2406 ad
967 2332 1063 2431 cujus
1076 2329 1310 2433 Septembrem
1324 2356 1426 2432 usque

348 2450 582 2552 producuntur
598 2450 726 2528 numeri
744 2450 929 2527 Eusebiani
945 2483 952 2527 :
975 2486 992 2517 «
1009 2447 1156 2526 Messala
1170 2449 1342 2524 Corvinus
1358 2477 1427 2524 ora·

353 2603 370 2633 ιι
393 2586 446 2642 tor
463 2587 539 2644 ante
555 2569 749 2660 biennium,
768 2599 867 2672 quam
889 2587 1094 2656 moreretur,
1113 2568 1159 2650 ita
1174 2567 1373 2642 memoriam
1392 2593 1427 2640 ae

353 2715 369 2746 »
391 2710 524 2756 sensum
547 2683 679 2769 amisit,
703 2685 814 2758 utrix
831 2713 936 2785 pauca
958 2683 1057 2756 verba
1078 2682 1318 2780 conjungeret,
1336 2677 1428 2755 etad

353 2833 370 2863 »
394 2815 576 2872 extremum
592 2799 701 2873 ulcere
720 2800 785 2875 sibi
811 2802 897 2874 circa
913 2828 1038 2875 sacram
1055 2800 1186 2901 spinam
1201 2815 1301 2886 nato,
1322 2797 1428 2872 inedia

352 2948 370 2979 ιι
392 2942 427 2989 se
444 2915 604 3006 confecit,
621 2945 712 2990 anno
727 2917 833 2992 atatis
844 2935 955 2992 ΜΠ.
974 2951 992 2983 ιι
1007 2916 1061 2991 Ad
1076 2944 1149 3018 qua
1164 2914 1315 3010 Scaliger
1331 2924 1345 2954 ²
1363 2913 1430 2988 hec

350 3031 599 3109 animadvertit:
619 3067 636 3100 «
651 3035 757 3132 Quod
768 3036 795 3110 si
807 3034 944 3110 biennio
957 3052 1036 3135 post
1046 3061 1140 3108 suam
1150 3031 1347 3106 memoriam
1359 3031 1428 3131 ipae

355 3185 371 3213 ιι
392 3169 545 3226 mortuus
572 3169 621 3226 est
640 3151 858 3250 (Messala),
878 3170 917 3226 nt
943 3151 1061 3227 scribit
1085 3151 1332 3252 Hieronymus,
1351 3177 1428 3245 ergo

355 3301 372 3332 ιι
393 3268 516 3342 obierit
527 3297 666 3344 numero
686 3269 806 3365 (idest
818 3267 1265 3364 Abrabaeauno)ttttmx,
1282 3265 1430 3363 Augusti

355 3417 371 3448 ιι
392 3413 480 3458 auno
497 3385 684 3488 penultimo
700 3383 733 3476 ³,
753 3405 793 3459 vt
811 3384 825 3433 ⁴
844 3385 953 3460 exsilii
970 3383 1138 3459 Ouidiani.
1160 3382 1265 3485 Atqui
1285 3382 1429 3457 Ovidius

384 3561 393 3589 ¹
407 3515 445 3612 ¹lu
455 3557 547 3610 Forum
554 3556 651 3613 scilieet
662 3558 818 3611 Romanum
827 3555 922 3610 lunera
932 3555 1112 3623 ducebantur,
1121 3564 1207 3624 utpro
1214 3556 1318 3610 msera
1324 3553 1362 3608 ibi
1370 3573 1432 3624 pro-

351 3637 434 3706 posita
446 3639 626 3696 laudarentur.
644 3641 716 3695 Ante
729 3659 793 3694 vero
804 3639 872 3694 banc
882 3637 1025 3692 funebrem
1037 3638 1187 3692 orationem
1195 3635 1354 3691 &nubatur
1365 3641 1431 3690 Ne-

351 3729 415 3788 ar'ee
428 3727 656 3796 quemadmodum
664 3727 718 3796 jam
726 3726 864 3782 Maecilius
871 3725 974 3780 notavit
983 3724 1017 3778 ad
1026 3725 1123 3778 Horat.
1131 3722 1175 3778 lib
1186 3723 1210 3789 1,
1221 3721 1277 3777 Sat
1287 3741 1332 3789 vr,
1344 3743 1382 3777 m.
1390 3721 1431 3789 43,

351 3807 424 3864 bunc
443 3807 535 3862 Ovidii
552 3810 642 3864 locum
658 3811 798 3882 profereus
805 3849 814 3878 ,
833 3821 862 3866 et
873 3810 972 3864 Lucam
984 3807 1027 3862 bb.
1039 3807 1112 3863 vlll
1123 3826 1130 3862 z
1143 3829 1159 3854 ιι
1171 3807 1213 3862 Ut
1222 3816 1355 3864 resonent
1366 3805 1433 3863 erati

352 3902 431 3947 cantu
443 3893 528 3962 Fora,
540 3903 590 3948 etc.

385 3979 397 4010 ²
415 3976 645 4034 Animadversion.
657 3978 690 4032 ad
705 3977 802 4033 Eueeb.
817 3977 919 4032 Cbrou.
931 3997 990 4048 pag.
1006 3980 1060 4032 rto.

385 4063 396 4097 ⁸
414 4063 445 4118 1‹t
464 4073 524 4132 est,
545 4083 588 4119 an.
610 4065 645 4120 U.
664 4064 697 4119 C.
714 4080 849 4133 nccuxrr,
872 4083 925 4136 quo
943 4085 991 4135 per
1009 4074 1170 4119 autumnum
1182 4063 1269 4118 exibat
1284 4080 1375 4118 annue
1392 4057 1432 4113 ille

355 4152 468 4208 Abrabe
480 4167 606 4206 uuxxrx.

386 4233 567 4290 ‘Dicendum
584 4233 671 4303 petitu
688 4232 739 4288 tuit
761 4249 807 4298 tv,
831 4231 964 4304 siquidem
984 4229 1115 4299 Ovidius,
1141 4249 1185 4286 an.
1207 4229 1244 4284 U.
1263 4227 1298 4283 C.
1320 4238 1438 4282 nucum
