3017 5000
287 352 351 418 312
617 347 1020 418 DEDICATIONES

288 487 543 566 »Montaniana
565 489 710 565 Scaurus
734 489 891 577 notabam
909 517 978 564 uno
995 489 1062 562 hoc
1088 507 1266 566 contentus
1292 517 1368 565 ero.

289 640 307 672 a
330 608 444 702 Quum
463 601 629 705 Polyxena
648 621 733 678 esset
748 603 909 693 adducta,
927 622 968 676 ut
978 603 1020 676 ad
1038 602 1206 680 tumulum
1220 603 1371 680 Achillis

289 755 307 788 n
327 718 581 807 immolaretur,
604 719 743 794 Hecuba
760 719 845 794 dixit
867 749 878 803 ,ε
901 719 976 792 cinis
992 720 1057 818 ipse
1072 719 1185 818 sepulti
1205 719 1250 794 In
1264 747 1372 822 genus

287 872 305 904 n
324 837 534 938 hormen&
547 854 679 938 poterat
690 836 755 910 hoc
769 854 948 911 contentus
969 864 1058 924 esse;
1080 837 1200 939 adjecit
1218 869 1229 911 ι
1247 837 1373 913 emunda

287 985 305 1018 a
326 981 442 1054 qnoque
469 951 616 1024 sensimus
646 949 772 1023 hostem.
801 953 871 1024 Nec
903 951 971 1025 hoe
1005 969 1182 1026 contentus
1216 951 1370 1050 adjecit:

290 1104 308 1136 »
326 1068 701 1169 AEocr'daesecundasui.
723 1068 845 1143 Aiebat
860 1065 971 1143 autem
984 1069 1129 1144 Scaurus
1144 1097 1215 1143 rem
1228 1096 1371 1145 veram:

287 1221 306 1252 n
328 1215 395 1258 non
412 1185 524 1259 minus
540 1213 692 1282 magnam
709 1185 864 1258 virtutem
878 1213 966 1276 esse,
983 1185 1066 1260 scire
1084 1185 1250 1275 desinere,
1265 1215 1375 1288 quam

289 1335 306 1366 »
327 1301 409 1375 scire
427 1301 545 1376 dicere.
566 1335 583 1367 n
606 1301 780 1375 Attendite
802 1329 908 1401 quam
927 1329 1010 1375 ceca
1025 1301 1069 1374 sit
1090 1299 1193 1377 aliena
1208 1299 1376 1405 carpendi

284 1415 449 1516 cupiditas
463 1447 470 1489 :
487 1416 568 1490 dum
582 1415 742 1490 Ovidium
754 1412 927 1488 insimulat
937 1415 1029 1501 vitii,
1042 1441 1185 1488 errorem
1199 1416 1374 1512 insignem

287 1551 389 1618 errat,
409 1561 551 1632 eumque
570 1531 752 1631 duplicem
770 1549 804 1603 et
826 1528 919 1631 quod
934 1528 1006 1603 hec
1019 1528 1063 1602 ab
1080 1529 1218 1604 Hecuba
1236 1532 1306 1604 dici
1324 1532 1377 1606 ait

288 1668 465 1749 antequam
481 1648 650 1749 Polyxena
663 1645 905 1734 immolaretur,
920 1674 993 1747 que
1006 1645 1164 1720 dicuutur
1174 1647 1217 1721 ab
1226 1649 1376 1724 Hecuba

289 1765 323 1838 in
336 1765 401 1837 hoc
412 1763 502 1837 libro
516 1781 595 1864 post
603 1790 715 1835 necem
731 1759 910 1861 Polyxene
924 1789 932 1834 ε
949 1777 981 1834 et
993 1760 1091 1861 quod
1102 1788 1140 1834 ea
1154 1763 1377 1864 reprehendit

287 1885 323 1956 in
343 1881 485 1967 Ovidio,
504 1909 577 1980 quae
591 1880 626 1951 in
643 1878 783 1952 summis
796 1877 830 1950 et
844 1877 955 1979 poetis
971 1895 1004 1950 et
1021 1878 1210 1954 oratoribus
1229 1881 1375 1958 laudan·

290 2016 354 2072 tur.
375 1999 543 2072 Homerus
555 1997 589 2068 in
604 1993 745 2070 Achillis
759 1995 802 2068 ad
818 2013 955 2069 matrem
975 1994 1202 2097 querimonia,
1220 2001 1296 2070 im
1313 1997 1376 2100 γὴ

287 2111 349 2200 :xer
367 2115 449 2203 piper
463 2111 551 2190 eadric
568 2111 713 2207 sinciput,
733 2128 784 2184 tet·
798 2110 886 2183 idem
910 2109 993 2185 dixit
1017 2108 1104 2197 iaris,
1122 2110 1202 2200 ἰ’χα,
1217 2114 1373 2213 ‹ivodpm

289 2253 351 2300 uec
365 2227 519 2301 vitiosum
532 2256 603 2301 esse
618 2229 793 2331 quisquam
805 2243 913 2327 putat.
927 2225 1112 2322 Virgilius,
1126 2231 1204 2304 AEn.
1221 2232 1259 2320 l,
1276 2231 1374 2325 546,

289 2341 324 2416 iu
344 2341 510 2416 Oratione
524 2341 665 2417 lliouei:
730 2424 734 2432 ,

458 2481 550 2552 Quem
564 2482 584 2537 si
598 2481 653 2537 iata
664 2482 751 2536 virum
764 2493 884 2552 servant,
896 2484 918 2539 ri
928 2485 1042 2540 vescitur
1053 2506 1118 2541 aura

446 2574 594 2645 ,AErheria
607 2594 695 2646 neque
703 2576 952 2647 adhueerudelibus
963 2578 1072 2633 ooeubae
1084 2576 1191 2633 umbeis.

293 2700 484 2776 Sermonem
501 2702 592 2776 hunc
609 2727 706 2778 nemo
719 2726 794 2776 aton
810 2705 1020 2779 emendatum
1036 2723 1151 2808 putat,
1171 2734 1278 2807 quum
1292 2707 1378 2784 satis

290 2817 392 2890 fuerit
410 2844 513 2892 unum
528 2846 547 2893 e
561 2819 669 2893 tribus
685 2817 815 2895 dixisse.
831 2820 946 2895 Simile
960 2822 1131 2896 Ciceronis
1143 2820 1228 2896 illud
1243 2823 1280 2896 in
1294 2852 1376 2925 per-

293 2931 471 3008 duellionis
488 2963 585 3009 causa
602 2966 610 3008 :
632 2970 650 3001 o
667 2935 837 3011 Inclusum
854 2954 954 3038 atque
969 2938 1120 3013 abditum
1136 2938 1238 3014 latere
1256 2939 1294 3013 in
1314 2968 1376 3014 oc-

296 3084 315 3116 »
334 3047 442 3138 culto;
463 3069 497 3125 et
509 3051 671 3148 ignaviam
686 3081 780 3131 suam
797 3052 961 3153 parietum
973 3082 1011 3127 ae
1027 3055 1238 3129 tenebrarum
1256 3072 1376 3130 custo·

298 3200 315 3231 »
335 3166 397 3241 diis
411 3186 528 3265 tegere.
548 3202 565 3235 ι)
584 3168 760 3267 Ejusmodi
772 3187 918 3244 trecenta
929 3172 1104 3247 memorari
1116 3188 1279 3272 possunt,
1298 3200 1376 3273 qua

295 3284 324 3358 si
343 3283 379 3355 in
393 3282 467 3359 aliis
491 3284 622 3360 dicendi
647 3286 786 3360 virtutes
804 3286 987 3375 habentur,
1008 3312 1067 3361 eur
1083 3287 1119 3361 in
1142 3286 1268 3361 Ovidio
1290 3288 1377 3361 vitia

294 3400 524 3479 existimentur
534 3400 620 3477 'nihil
635 3430 740 3477 causae
748 3402 845 3477 video
857 3432 866 3491 ;
879 3402 945 3477 uisi
958 3399 995 3475 in
1007 3430 1048 3477 eo
1058 3401 1378 3479 Smecamroluisse

296 3516 445 3593 caninam
458 3546 609 3595 exercere
618 3518 815 3608 facundiam,
828 3536 862 3592 et
872 3519 975 3593 severi
985 3520 1132 3594 censoris
1140 3538 1376 3621 partesagere,

296 3632 389 3733 quasi
407 3631 490 3706 nihil
506 3660 653 3736 unquam
670 3635 800 3711 iu'rita
816 3653 876 3711 ant
899 3636 1031 3736 scriptis
1055 3636 1240 3739 deliquerit.
1266 3636 1378 3735 Quod

296 3775 373 3823 sane
390 3748 473 3823 milri
484 3750 621 3828 uerbum
639 3752 779 3827 Catonis
795 3752 830 3825 iu
843 3767 987 3825 mentem
995 3770 1143 3841 revocat,
1159 3754 1334 3855 qur'me‘mn'
1343 3781 1378 3827 se

294 3864 415 3951 mbae,
438 3874 493 3939 rur
507 3895 568 3941 aon
584 3884 720 3967 aruspex
735 3868 861 3955 n'deret,
889 3895 982 3968 quum
1002 3869 1170 3968 aruspicem
1190 3870 1372 3971 odrpriem.

293 3982 344 4057 Ita
363 3982 519 4057 Senecam
537 3981 643 4057 miror
659 3982 803 4059 tenuisse
822 3984 927 4059 risum
943 3983 1077 4087 quoties
1094 3983 1201 4061 libros
1217 4014 1298 4060 suos
1321 3985 1374 4059 le-

294 4117 404 4193 geret,
421 4099 482 4173 ubi
497 4099 704 4175 commendat
725 4119 954 4201 paupertatem
975 4101 1200 4177 feneratorum
1218 4102 1372 4177 omnium
