3017 5000
334 476 379 541 9⁰
430 478 438 487 ‘
660 454 699 517 P.
730 451 920 520 ovlml·
946 453 1083 521 VITA

335 592 487 689 ingenia,
505 620 576 693 quoe
591 592 724 665 manticae
748 593 800 667 sui
817 593 878 667 oecr'
889 594 1069 669 eminebant.
1099 594 1175 667 Hoc
1199 592 1316 669 itidem
1340 594 1413 670 solo

334 704 535 805 cognomine
561 709 716 791 laudatur
733 738 752 783 a
769 708 878 785 Statio
898 719 930 799 ¹,
950 709 1100 787 Martiali
1118 720 1152 799 ²,
1170 729 1204 787 et
1221 712 1345 787 Seneca
1361 740 1414 787 se-

333 824 428 898 niore
447 822 471 897 ³.

384 942 548 1015 Ovtmtts
565 968 643 1015 vero
668 938 796 1041 pluries
820 940 926 1015 eidem
945 940 1077 1015 Seneca
1098 942 1187 1043 patri
1205 941 1345 1030 dicitur,
1364 941 1414 1016 uti

333 1073 367 1129 et
391 1054 483 1145 filio,
504 1057 562 1158 qui
578 1085 749 1157 nunquam
770 1084 845 1130 eum
862 1056 1008 1159 adpeliat
1022 1062 1222 1147 Nttsottntt;
1247 1062 1312 1136 nisi
1329 1060 1416 1135 forte

333 1171 451 1258 semel,
472 1201 575 1273 quum
597 1173 715 1247 scribit
731 1172 767 1259 ⁴,
786 1187 822 1247 se
841 1173 874 1247 in
891 1188 998 1248 undu
1008 1171 1141 1274 flentem
1157 1174 1273 1249 resilisse
1293 1176 1414 1250 Fidum

335 1288 527 1377 Comettm,
550 1290 859 1390 Nasom'sgenemm,
879 1308 941 1363 etc.
956 1288 1217 1379 ;ubi,lieetnou
1229 1294 1366 1367 omnino
1375 1292 1415 1365 li-

335 1424 455 1507 queat,
472 1424 607 1509 poetam
619 1425 773 1481 nostrum
788 1410 919 1483 seneca
932 1408 977 1511 ob
993 1405 1109 1482 oculos
1124 1407 1244 1497 fuisse,
1258 1410 1292 1483 id
1303 1428 1414 1486 tamen

332 1522 509 1597 verisimile
525 1552 665 1625 prorsus
680 1524 821 1598 videtur.
843 1525 913 1599 Cur
932 1526 1019 1599 euim
1037 1524 1260 1628 philosophus
1277 1525 1335 1600 ille
1352 1526 1415 1599 Fi-

331 1640 405 1715 dum
422 1640 598 1717 Comelmm
612 1639 755 1717 ulterius
772 1640 1010 1739 designavisset
1025 1671 1065 1716 ex
1078 1643 1183 1716 soceri
1197 1642 1412 1737 cognomine,

333 1784 401 1857 quo
418 1754 523 1831 etalii
541 1754 655 1859 plures
682 1756 898 1852 gaudebant?
921 1756 987 1831 nisi
1002 1758 1173 1834 Nasonem
1197 1755 1414 1833 intellexisset

331 1870 482 1946 omnium
509 1869 779 1961 celeberrimum,
798 1872 906 1975 qualis
932 1892 1013 1947 tunc
1039 1890 1109 1947 erat
1129 1889 1259 1961 noster,
1287 1874 1412 1975 quique

331 1987 418 2063 solet
435 1988 501 2063 boc
517 2007 648 2064 tantum
663 1990 889 2087 cognominea
903 2019 938 2065 se
950 1990 1027 2093 ipso
1039 2008 1074 2064 et
1086 1990 1130 2064 ab
1143 1989 1216 2065 aliis
1229 1989 1409 2087 indigitari.

291 2188 294 2193 .
330 2110 401 2183 Nec
419 2108 625 2183 omittendus
640 2108 785 2209 scriptor
797 2106 931 2203 Dialogi
946 2108 986 2181 de
1002 2107 1220 2199 Oratoribus,
1231 2138 1320 2183 anno
1331 2112 1413 2183 Ves-

330 2224 458 2326 pasiani
476 2242 569 2300 sexto
585 2224 713 2314 habiti,
732 2226 787 2299 eui
808 2227 940 2299 Othttt
964 2222 1073 2301 solum
1099 2224 1233 2299 nomine
1257 2224 1412 2300 laudatur

330 2340 450 2415 Medea
467 2340 490 2415 ⁵.
511 2340 607 2417 Alios
623 2342 819 2417 recentioris
836 2342 896 2417 avi
911 2343 1079 2444 preterire
1095 2341 1190 2417 libet.

379 2460 524 2534 Nomine
548 2460 679 2534 tandem
698 2460 797 2534 simul
815 2479 849 2535 et
864 2460 1079 2557 cognomine,
1100 2461 1265 2535 Ovtttttts
1289 2460 1408 2547 NASO,

331 2574 431 2652 semel
448 2593 548 2678 atque
565 2578 686 2652 iter-mn
702 2579 745 2652 ab
764 2577 880 2652 eodem
897 2577 1021 2652 Seneca
1038 2579 1162 2676 majore
1180 2576 1355 2650 ⁶vocatur.

380 2693 474 2789 Quin
491 2711 525 2767 et
547 2712 692 2794 utroque
715 2694 943 2795 representari
967 2693 1003 2767 in
1028 2694 1167 2796 antiquo
1189 2695 1410 2780 numismate,

332 2808 559 2912 quod·Felicia
573 2809 778 2900 Randanini,
794 2812 946 2885 Romana
956 2810 1228 2912 prestantissima
1239 2829 1408 2900 matrona,

330 2923 543 3028 possidebat,
560 2927 756 3027 jamdudum
775 2946 1031 3003 autumaverunt
1049 2928 1410 3029 moriturumque

332 3059 449 3116 totum·
461 3070 522 3143 per
537 3039 708 3118 literarum
726 3044 843 3117 orbem
860 3042 957 3118 sama
972 3042 1056 3134 viri,
1078 3043 1234 3118 Manlum
1249 3044 1410 3119 nimirum

332 3156 480 3232 Horisius
499 3169 531 3246 ²,
549 3176 584 3230 et
600 3157 720 3232 Ezeclr.
744 3157 952 3258 Spauhenuits
968 3154 980 3196 ⁸
997 3159 1034 3231 iu
1058 3187 1096 3234 re
1118 3157 1326 3248 nummaria,
1342 3186 1410 3233 non

334 3301 428 3348 secus
444 3303 482 3349 ac
498 3275 535 3348 in
552 3275 642 3349 omui
658 3273 869 3376 antiquitatis
885 3274 1039 3363 seientia,
1053 3273 1151 3349 facile
1165 3273 1346 3376 princeps3
1373 3289 1411 3349 ut

333 3394 455 3468 mirum
472 3423 541 3467 non
557 3393 603 3467 sit
614 3412 742 3482 etanta
758 3393 970 3470 auctoritatis
985 3393 1167 3496 scriptores
1181 3392 1272 3470 idem
1288 3392 1410 3470 stabis

332 3512 500 3586 minorum
518 3511 666 3607 gentium
684 3511 896 3614 persuasisse.

367 3663 376 3693 ¹
395 3659 451 3714 Lib.
464 3661 494 3726 l,
508 3659 579 3732 Sylv.
590 3677 629 3726 11,
646 3679 712 3714 vers.
724 3665 782 3716 255.

365 3746 378 3776 ²
395 3743 451 3796 Lib.
464 3744 494 3812 l,
508 3745 582 3814 Epig.
600 3759 674 3808 cx11;
691 3745 734 3798 lib.
747 3747 784 3811 V,
797 3743 873 3816 Epig.
885 3761 920 3809 ις
937 3743 982 3798 lib.
990 3743 1068 3811 xw,
1080 3743 1157 3816 Epig.
1168 3757 1253 3799 cxcu.

365 3823 378 3860 ³
396 3825 524 3880 Controv.
539 3827 581 3881 lib.
596 3827 640 3893 ll,
661 3826 742 3882 Cont.
755 3843 795 3896 11,
816 3828 1019 3886 cessassetis
1029 3828 1080 3883 111.

365 3911 377 3948 ⁴
395 3911 490 3966 senae.
501 3911 534 3965 ad
547 3911 699 3982 Serenum,
717 3933 775 3983 cap.
792 3933 830 3984 ¹7·

364 3992 376 4026 ⁵
392 3993 496 4063 Dialog.
508 3994 541 4047 de
554 3993 630 4048 Orat.
642 4015 697 4065 cap.
714 3995 751 4048 13.

364 4077 377 4116 ⁶
394 4079 450 4132 Lib.
466 4081 506 4142 X,
522 4081 649 4134 Controv.
659 4097 704 4144 ιη
721 4081 766 4134 tib.
781 4082 828 4149 11,
845 4080 1007 4136 Dentonem.

367 4167 376 4203 ⁷
395 4168 427 4220 ln
439 4185 484 4220 sua
496 4164 587 4219 Ovidii
597 4165 722 4220 editione.

365 4250 376 4285 ⁸
395 4249 436 4304 De
447 4246 602 4304 Praestantia
614 4260 641 4303 et
654 4249 711 4304 Usu
724 4248 885 4306 Numismat
897 4269 955 4321 pag.
968 4253 999 4317 4²
1014 4259 1042 4304 et
1052 4250 1093 4315 43.
