<?xml version="1.0" encoding="UTF-8"?>
<!DOCTYPE html PUBLIC "-//W3C//DTD XHTML 1.0 Transitional//EN"
    "http://www.w3.org/TR/xhtml1/DTD/xhtml1-transitional.dtd">
<html xmlns="http://www.w3.org/1999/xhtml" xml:lang="en" lang="en">
 <head>
  <title>
</title>
<meta http-equiv="Content-Type" content="text/html;charset=utf-8" />
  <meta name='ocr-system' content='tesseract 3.04.00' />
  <meta name='ocr-capabilities' content='ocr_page ocr_carea ocr_par ocr_line ocrx_word'/>
</head>
<body>
  <div class='ocr_page' id='page_1' title='image "./publiiovidiinas01unkngoog_0194.png"; bbox 0 0 3017 5000; ppageno 0'>
   <div class='ocr_carea' id='block_1_1' title="bbox 464 396 1204 467">
    <p class='ocr_par' dir='ltr' id='par_1_1' title="bbox 464 396 1204 467">
     <span class='ocr_line' id='line_1_1' title="bbox 464 396 1204 467; baseline 0 -2"><span class='ocrx_word' id='word_1_1' title='bbox 464 398 561 465; x_wconf 85' lang='lat' dir='ltr'><strong>PER</strong></span> <span class='ocrx_word' id='word_1_2' title='bbox 586 398 619 465; x_wconf 86' lang='lat' dir='ltr'><strong>J.</strong></span> <span class='ocrx_word' id='word_1_3' title='bbox 646 396 873 466; x_wconf 74' lang='lat' dir='ltr'><strong>Messott.</strong></span> <span class='ocrx_word' id='word_1_4' title='bbox 1143 400 1204 467; x_wconf 71' lang='lat'><strong>183</strong></span> 
     </span>
    </p>
   </div>
   <div class='ocr_carea' id='block_1_2' title="bbox 126 532 1291 4136">
    <p class='ocr_par' dir='ltr' id='par_1_2' title="bbox 130 532 1208 1315">
     <span class='ocr_line' id='line_1_2' title="bbox 131 532 1208 639; baseline -0.006 -24"><span class='ocrx_word' id='word_1_5' title='bbox 131 532 284 627; x_wconf 82' lang='lat' dir='ltr'><strong>ereunlc,</strong></span> <span class='ocrx_word' id='word_1_6' title='bbox 299 566 370 639; x_wconf 83' lang='lat' dir='ltr'><strong>qno</strong></span> <span class='ocrx_word' id='word_1_7' title='bbox 382 536 559 633; x_wconf 84' lang='lat' dir='ltr'><strong>Augustus</strong></span> <span class='ocrx_word' id='word_1_8' title='bbox 569 556 635 612; x_wconf 79' lang='lat' dir='ltr'><strong>xtx</strong></span> <span class='ocrx_word' id='word_1_9' title='bbox 645 534 780 611; x_wconf 83' lang='lat' dir='ltr'><strong>Sextilis</strong></span> <span class='ocrx_word' id='word_1_10' title='bbox 794 535 898 625; x_wconf 88' lang='lat' dir='ltr'><strong>obiit,</strong></span> <span class='ocrx_word' id='word_1_11' title='bbox 917 537 1037 639; x_wconf 77' lang='lat' dir='ltr'><strong>cupit,</strong></span> <span class='ocrx_word' id='word_1_12' title='bbox 1055 536 1105 610; x_wconf 92' lang='lat' dir='ltr'><strong>uti</strong></span> <span class='ocrx_word' id='word_1_13' title='bbox 1117 554 1208 612; x_wconf 88' lang='lat' dir='ltr'><strong>recte</strong></span> 
     </span>
     <span class='ocr_line' id='line_1_3' title="bbox 131 645 1206 739; baseline -0.002 -8"><span class='ocrx_word' id='word_1_14' title='bbox 131 656 376 733; x_wconf 76' lang='lat' dir='ltr'>illustrissimus</span> <span class='ocrx_word' id='word_1_15' title='bbox 396 656 552 731; x_wconf 90' lang='lat' dir='ltr'><strong>Nurisius</strong></span> <span class='ocrx_word' id='word_1_16' title='bbox 574 656 736 731; x_wconf 82' lang='lat' dir='ltr'><strong>observat.</strong></span> <span class='ocrx_word' id='word_1_17' title='bbox 760 658 884 739; x_wconf 85' lang='lat' dir='ltr'><strong>Verum</strong></span> <span class='ocrx_word' id='word_1_18' title='bbox 912 654 996 730; x_wconf 89' lang='lat' dir='ltr'><strong>male</strong></span> <span class='ocrx_word' id='word_1_19' title='bbox 1018 656 1066 730; x_wconf 91' lang='lat' dir='ltr'><strong>sic</strong></span> <span class='ocrx_word' id='word_1_20' title='bbox 1089 645 1206 730; x_wconf 85' lang='lat' dir='ltr'><strong>exinde</strong></span> 
     </span>
     <span class='ocr_line' id='line_1_4' title="bbox 130 771 1208 874; baseline 0 -28"><span class='ocrx_word' id='word_1_21' title='bbox 130 772 368 847; x_wconf 73' lang='lat' dir='ltr'>ratiocinatur:</span> <span class='ocrx_word' id='word_1_22' title='bbox 391 804 409 837; x_wconf 75' lang='grc' dir='ltr'><strong>α</strong></span> <span class='ocrx_word' id='word_1_23' title='bbox 425 772 558 869; x_wconf 80' lang='lat' dir='ltr'>Quare,</span> <span class='ocrx_word' id='word_1_24' title='bbox 576 771 705 873; x_wconf 89' lang='lat' dir='ltr'><strong>inquit,</strong></span> <span class='ocrx_word' id='word_1_25' title='bbox 724 772 863 874; x_wconf 84' lang='lat' dir='ltr'>primam</span> <span class='ocrx_word' id='word_1_26' title='bbox 879 771 1029 872; x_wconf 79' lang='lat' dir='ltr'><strong>hyemem</strong></span> <span class='ocrx_word' id='word_1_27' title='bbox 1041 772 1076 845; x_wconf 92' lang='lat' dir='ltr'><strong>in</strong></span> <span class='ocrx_word' id='word_1_28' title='bbox 1087 771 1208 846; x_wconf 85' lang='lat' dir='ltr'><strong>exsilio</strong></span> 
     </span>
     <span class='ocr_line' id='line_1_5' title="bbox 132 886 1206 992; baseline 0.002 -29"><span class='ocrx_word' id='word_1_29' title='bbox 132 922 148 955; x_wconf 77' lang='grc' dir='ltr'><strong>ι</strong></span> <span class='ocrx_word' id='word_1_30' title='bbox 167 886 312 963; x_wconf 85' lang='lat' dir='ltr'><strong>Pontico</strong></span> <span class='ocrx_word' id='word_1_31' title='bbox 329 889 400 985; x_wconf 85' lang='lat' dir='ltr'><strong>egit</strong></span> <span class='ocrx_word' id='word_1_32' title='bbox 418 888 580 975; x_wconf 81' lang='lat' dir='ltr'><strong>Ovidius,</strong></span> <span class='ocrx_word' id='word_1_33' title='bbox 597 914 650 963; x_wconf 86' lang='lat' dir='ltr'><strong>an.</strong></span> <span class='ocrx_word' id='word_1_34' title='bbox 666 890 709 961; x_wconf 92' lang='lat' dir='ltr'><strong>U.</strong></span> <span class='ocrx_word' id='word_1_35' title='bbox 725 888 764 961; x_wconf 87' lang='lat' dir='ltr'><strong>C.</strong></span> <span class='ocrx_word' id='word_1_36' title='bbox 780 907 947 977; x_wconf 74' lang='lat' dir='ltr'><strong>ucetxtt,</strong></span> <span class='ocrx_word' id='word_1_37' title='bbox 965 915 1068 991; x_wconf 86' lang='lat' dir='ltr'><strong>quum</strong></span> <span class='ocrx_word' id='word_1_38' title='bbox 1082 918 1206 992; x_wconf 81' lang='lat' dir='ltr'><strong>praece-</strong></span> 
     </span>
     <span class='ocr_line' id='line_1_6' title="bbox 133 1001 1206 1103; baseline 0.001 -27"><span class='ocrx_word' id='word_1_39' title='bbox 133 1036 148 1065; x_wconf 74' lang='lat'>»</span> <span class='ocrx_word' id='word_1_40' title='bbox 168 1002 303 1077; x_wconf 83' lang='lat' dir='ltr'>dentem</span> <span class='ocrx_word' id='word_1_41' title='bbox 316 1002 469 1103; x_wconf 82' lang='lat' dir='ltr'><strong>hyemem</strong></span> <span class='ocrx_word' id='word_1_42' title='bbox 484 1030 596 1078; x_wconf 90' lang='lat' dir='ltr'><strong>mense</strong></span> <span class='ocrx_word' id='word_1_43' title='bbox 613 1001 781 1078; x_wconf 82' lang='lat' dir='ltr'><strong>Decembri</strong></span> <span class='ocrx_word' id='word_1_44' title='bbox 795 1031 833 1076; x_wconf 89' lang='lat' dir='ltr'><strong>ex</strong></span> <span class='ocrx_word' id='word_1_45' title='bbox 850 1001 945 1076; x_wconf 90' lang='lat' dir='ltr'><strong>ltalia</strong></span> <span class='ocrx_word' id='word_1_46' title='bbox 962 1002 1150 1091; x_wconf 71' lang='lat' dir='ltr'><strong>discedens,</strong></span> <span class='ocrx_word' id='word_1_47' title='bbox 1169 1005 1206 1077; x_wconf 90' lang='lat' dir='ltr'><strong>in</strong></span> 
     </span>
     <span class='ocr_line' id='line_1_7' title="bbox 133 1118 1207 1222; baseline 0.002 -29"><span class='ocrx_word' id='word_1_48' title='bbox 133 1152 149 1185; x_wconf 73' lang='lat' dir='ltr'><strong>n</strong></span> <span class='ocrx_word' id='word_1_49' title='bbox 167 1120 314 1216; x_wconf 78' lang='lat' dir='ltr'><strong>longiori</strong></span> <span class='ocrx_word' id='word_1_50' title='bbox 322 1120 441 1196; x_wconf 84' lang='lat' dir='ltr'><strong>itinere</strong></span> <span class='ocrx_word' id='word_1_51' title='bbox 457 1120 521 1195; x_wconf 91' lang='lat' dir='ltr'><strong>suh</strong></span> <span class='ocrx_word' id='word_1_52' title='bbox 535 1119 685 1195; x_wconf 87' lang='lat' dir='ltr'><strong>custodia</strong></span> <span class='ocrx_word' id='word_1_53' title='bbox 696 1121 732 1193; x_wconf 85' lang='lat' dir='ltr'><strong>in</strong></span> <span class='ocrx_word' id='word_1_54' title='bbox 743 1122 890 1195; x_wconf 85' lang='lat' dir='ltr'><strong>Pontum</strong></span> <span class='ocrx_word' id='word_1_55' title='bbox 901 1118 1113 1222; x_wconf 89' lang='lat' dir='ltr'><strong>deportatus,</strong></span> <span class='ocrx_word' id='word_1_56' title='bbox 1130 1149 1207 1195; x_wconf 90' lang='lat' dir='ltr'><strong>con·</strong></span> 
     </span>
     <span class='ocr_line' id='line_1_8' title="bbox 131 1240 371 1315; baseline -0.017 0"><span class='ocrx_word' id='word_1_57' title='bbox 131 1272 148 1305; x_wconf 73' lang='lat' dir='ltr'><strong>s</strong></span> <span class='ocrx_word' id='word_1_58' title='bbox 164 1240 332 1315; x_wconf 80' lang='lat' dir='ltr'><strong>sumserit.</strong></span> <span class='ocrx_word' id='word_1_59' title='bbox 353 1270 371 1305; x_wconf 73' lang='lat' dir='ltr'><strong>n</strong></span> 
     </span>
    </p>

    <p class='ocr_par' dir='ltr' id='par_1_3' title="bbox 126 1352 1291 3764">
     <span class='ocr_line' id='line_1_9' title="bbox 174 1352 1206 1455; baseline 0.004 -28"><span class='ocrx_word' id='word_1_60' title='bbox 174 1352 335 1429; x_wconf 80' lang='lat' dir='ltr'><strong>Profecto</strong></span> <span class='ocrx_word' id='word_1_61' title='bbox 351 1380 455 1455; x_wconf 86' lang='lat' dir='ltr'><strong>quom</strong></span> <span class='ocrx_word' id='word_1_62' title='bbox 472 1356 597 1429; x_wconf 84' lang='lat' dir='ltr'><strong>Noster</strong></span> <span class='ocrx_word' id='word_1_63' title='bbox 617 1380 652 1426; x_wconf 89' lang='lat' dir='ltr'><strong>se</strong></span> <span class='ocrx_word' id='word_1_64' title='bbox 668 1380 709 1427; x_wconf 87' lang='lat' dir='ltr'><strong>eo</strong></span> <span class='ocrx_word' id='word_1_65' title='bbox 725 1380 836 1426; x_wconf 87' lang='lat' dir='ltr'><strong>mense</strong></span> <span class='ocrx_word' id='word_1_66' title='bbox 862 1352 1032 1442; x_wconf 75' lang='lat' dir='ltr'><strong>Decembri</strong></span> <span class='ocrx_word' id='word_1_67' title='bbox 1047 1355 1206 1454; x_wconf 85' lang='lat' dir='ltr'><strong>jnctstum</strong></span> 
     </span>
     <span class='ocr_line' id='line_1_10' title="bbox 126 1465 1205 1573; baseline 0.002 -30"><span class='ocrx_word' id='word_1_68' title='bbox 126 1466 293 1543; x_wconf 80' lang='lat' dir='ltr'><strong>Adnirtr&#39;co</strong></span> <span class='ocrx_word' id='word_1_69' title='bbox 306 1469 390 1545; x_wconf 87' lang='lat' dir='ltr'><strong>mari</strong></span> <span class='ocrx_word' id='word_1_70' title='bbox 402 1470 544 1557; x_wconf 85' lang='lat' dir='ltr'><strong>surihnt;</strong></span> <span class='ocrx_word' id='word_1_71' title='bbox 562 1468 643 1541; x_wconf 90' lang='lat' dir='ltr'><strong>hinc</strong></span> <span class='ocrx_word' id='word_1_72' title='bbox 657 1466 813 1563; x_wconf 72' lang='lat' dir='ltr'><strong>colligere</strong></span> <span class='ocrx_word' id='word_1_73' title='bbox 826 1465 875 1541; x_wconf 89' lang='lat' dir='ltr'><strong>sas</strong></span> <span class='ocrx_word' id='word_1_74' title='bbox 891 1485 959 1553; x_wconf 89' lang='lat' dir='ltr'><strong>cst,</strong></span> <span class='ocrx_word' id='word_1_75' title='bbox 972 1495 1046 1542; x_wconf 89' lang='lat' dir='ltr'><strong>eum</strong></span> <span class='ocrx_word' id='word_1_76' title='bbox 1059 1498 1129 1543; x_wconf 89' lang='lat' dir='ltr'><strong>non</strong></span> <span class='ocrx_word' id='word_1_77' title='bbox 1142 1498 1205 1573; x_wconf 50' lang='lat' dir='ltr'><strong>poe</strong></span> 
     </span>
     <span class='ocr_line' id='line_1_11' title="bbox 128 1582 1202 1688; baseline 0.005 -31"><span class='ocrx_word' id='word_1_78' title='bbox 128 1585 229 1661; x_wconf 85' lang='lat' dir='ltr'><strong>tuisse</strong></span> <span class='ocrx_word' id='word_1_79' title='bbox 245 1586 363 1661; x_wconf 87' lang='lat' dir='ltr'><strong>eodem</strong></span> <span class='ocrx_word' id='word_1_80' title='bbox 379 1612 491 1661; x_wconf 89' lang='lat' dir='ltr'><strong>mense</strong></span> <span class='ocrx_word' id='word_1_81' title='bbox 509 1588 617 1661; x_wconf 85' lang='lat' dir='ltr'><strong>Rome</strong></span> <span class='ocrx_word' id='word_1_82' title='bbox 633 1582 820 1671; x_wconf 82' lang='lat' dir='ltr'><strong>discedere,</strong></span> <span class='ocrx_word' id='word_1_83' title='bbox 838 1584 1053 1660; x_wconf 84' lang='lat' dir='ltr'><strong>Brundisium</strong></span> <span class='ocrx_word' id='word_1_84' title='bbox 1070 1606 1202 1688; x_wconf 86' lang='lat' dir='ltr'><strong>petere,</strong></span> 
     </span>
     <span class='ocr_line' id='line_1_12' title="bbox 127 1698 1204 1803; baseline 0.004 -28"><span class='ocrx_word' id='word_1_85' title='bbox 127 1718 160 1775; x_wconf 86' lang='lat' dir='ltr'><strong>et</strong></span> <span class='ocrx_word' id='word_1_86' title='bbox 175 1702 254 1777; x_wconf 89' lang='lat' dir='ltr'><strong>inde</strong></span> <span class='ocrx_word' id='word_1_87' title='bbox 274 1701 411 1779; x_wconf 91' lang='lat' dir='ltr'><strong>solvere.</strong></span> <span class='ocrx_word' id='word_1_88' title='bbox 431 1702 525 1801; x_wconf 86' lang='lat' dir='ltr'><strong>Quin</strong></span> <span class='ocrx_word' id='word_1_89' title='bbox 540 1702 637 1775; x_wconf 90' lang='lat' dir='ltr'><strong>etiam</strong></span> <span class='ocrx_word' id='word_1_90' title='bbox 651 1728 794 1775; x_wconf 84' lang='lat' dir='ltr'><strong>asserere</strong></span> <span class='ocrx_word' id='word_1_91' title='bbox 808 1698 905 1789; x_wconf 87' lang='lat' dir='ltr'><strong>licet,</strong></span> <span class='ocrx_word' id='word_1_92' title='bbox 922 1730 998 1775; x_wconf 86' lang='lat' dir='ltr'><strong>enm</strong></span> <span class='ocrx_word' id='word_1_93' title='bbox 1011 1702 1077 1803; x_wconf 86' lang='lat' dir='ltr'><strong>jam</strong></span> <span class='ocrx_word' id='word_1_94' title='bbox 1096 1704 1131 1777; x_wconf 89' lang='lat' dir='ltr'><strong>in</strong></span> <span class='ocrx_word' id='word_1_95' title='bbox 1147 1734 1204 1779; x_wconf 84' lang='lat' dir='ltr'><strong>ex·</strong></span> 
     </span>
     <span class='ocr_line' id='line_1_13' title="bbox 128 1816 1201 1921; baseline 0.005 -31"><span class='ocrx_word' id='word_1_96' title='bbox 128 1818 189 1893; x_wconf 86' lang='lat' dir='ltr'><strong>silii</strong></span> <span class='ocrx_word' id='word_1_97' title='bbox 208 1818 286 1894; x_wconf 91' lang='lat' dir='ltr'><strong>loco</strong></span> <span class='ocrx_word' id='word_1_98' title='bbox 303 1820 407 1895; x_wconf 81' lang='lat' dir='ltr'><strong>fuisse</strong></span> <span class='ocrx_word' id='word_1_99' title='bbox 424 1848 535 1895; x_wconf 89' lang='lat' dir='ltr'><strong>mense</strong></span> <span class='ocrx_word' id='word_1_100' title='bbox 554 1846 721 1893; x_wconf 88' lang='lat' dir='ltr'><strong>summum</strong></span> <span class='ocrx_word' id='word_1_101' title='bbox 736 1816 894 1891; x_wconf 83' lang='lat' dir='ltr'><strong>Jnnuon&#39;o</strong></span> <span class='ocrx_word' id='word_1_102' title='bbox 913 1838 1074 1907; x_wconf 87' lang='lat' dir='ltr'><strong>exeunte,</strong></span> <span class='ocrx_word' id='word_1_103' title='bbox 1100 1839 1201 1921; x_wconf 86' lang='lat' dir='ltr'><strong>atque</strong></span> 
     </span>
     <span class='ocr_line' id='line_1_14' title="bbox 126 1932 1203 2037; baseline 0.004 -31"><span class='ocrx_word' id='word_1_104' title='bbox 126 1934 208 2008; x_wconf 88' lang='lat' dir='ltr'><strong>adeo</strong></span> <span class='ocrx_word' id='word_1_105' title='bbox 219 1932 365 2035; x_wconf 83' lang='lat' dir='ltr'><strong>aliquam</strong></span> <span class='ocrx_word' id='word_1_106' title='bbox 374 1934 490 2035; x_wconf 67' lang='lat' dir='ltr'><strong>prima</strong></span> <span class='ocrx_word' id='word_1_107' title='bbox 501 1932 631 2032; x_wconf 77' lang='lat' dir='ltr'><strong>hyemis</strong></span> <span class='ocrx_word' id='word_1_108' title='bbox 642 1932 818 2031; x_wconf 86' lang='lat' dir='ltr'><strong>partem-in</strong></span> <span class='ocrx_word' id='word_1_109' title='bbox 831 1934 942 2006; x_wconf 90' lang='lat' dir='ltr'><strong>Ponto</strong></span> <span class='ocrx_word' id='word_1_110' title='bbox 958 1934 1115 2029; x_wconf 74' lang='lat' dir='ltr'><strong>exegisse,</strong></span> <span class='ocrx_word' id='word_1_111' title='bbox 1130 1965 1203 2037; x_wconf 79' lang='lat' dir='ltr'><strong>quae</strong></span> 
     </span>
     <span class='ocr_line' id='line_1_15' title="bbox 128 2044 1203 2152; baseline 0.006 -33"><span class='ocrx_word' id='word_1_112' title='bbox 128 2048 354 2122; x_wconf 88' lang='lat' dir='ltr'><strong>innumerum</strong></span> <span class='ocrx_word' id='word_1_113' title='bbox 373 2046 497 2121; x_wconf 82' lang='lat' dir='ltr'><strong>Ovidis</strong></span> <span class='ocrx_word' id='word_1_114' title='bbox 523 2046 634 2118; x_wconf 87' lang='lat' dir='ltr'><strong>venire</strong></span> <span class='ocrx_word' id='word_1_115' title='bbox 653 2044 779 2119; x_wconf 86' lang='lat' dir='ltr'><strong>debuit.</strong></span> <span class='ocrx_word' id='word_1_116' title='bbox 807 2044 968 2121; x_wconf 79' lang='lat' dir='ltr'><strong>Praeterea</strong></span> <span class='ocrx_word' id='word_1_117' title='bbox 986 2076 1079 2123; x_wconf 91' lang='lat' dir='ltr'><strong>mens</strong></span> <span class='ocrx_word' id='word_1_118' title='bbox 1095 2070 1203 2152; x_wconf 82' lang='lat' dir='ltr'><strong>puetae</strong></span> 
     </span>
     <span class='ocr_line' id='line_1_16' title="bbox 127 2160 1200 2265; baseline 0.002 -26"><span class='ocrx_word' id='word_1_119' title='bbox 127 2166 190 2242; x_wconf 89' lang='lat' dir='ltr'><strong>illis</strong></span> <span class='ocrx_word' id='word_1_120' title='bbox 203 2165 317 2241; x_wconf 83' lang='lat' dir='ltr'><strong>verbis</strong></span> <span class='ocrx_word' id='word_1_121' title='bbox 335 2166 400 2239; x_wconf 88' lang='lat' dir='ltr'><strong>suit</strong></span> <span class='ocrx_word' id='word_1_122' title='bbox 415 2192 453 2238; x_wconf 87' lang='lat' dir='ltr'><strong>ac</strong></span> <span class='ocrx_word' id='word_1_123' title='bbox 471 2160 646 2239; x_wconf 89' lang='lat' dir='ltr'><strong>consilium</strong></span> <span class='ocrx_word' id='word_1_124' title='bbox 663 2162 856 2251; x_wconf 76' lang='lat' dir='ltr'><strong>ostendere,</strong></span> <span class='ocrx_word' id='word_1_125' title='bbox 876 2164 1035 2265; x_wconf 88' lang='lat' dir='ltr'><strong>quamdiu</strong></span> <span class='ocrx_word' id='word_1_126' title='bbox 1054 2185 1123 2241; x_wconf 85' lang='lat' dir='ltr'><strong>tum</strong></span> <span class='ocrx_word' id='word_1_127' title='bbox 1144 2197 1200 2242; x_wconf 90' lang='lat' dir='ltr'><strong>ex-</strong></span> 
     </span>
     <span class='ocr_line' id='line_1_17' title="bbox 128 2278 1285 2385; baseline 0.003 -28"><span class='ocrx_word' id='word_1_128' title='bbox 128 2282 275 2357; x_wconf 88' lang='lat' dir='ltr'><strong>snlasset.</strong></span> <span class='ocrx_word' id='word_1_129' title='bbox 290 2280 397 2383; x_wconf 84' lang='lat' dir='ltr'><strong>Atqui</strong></span> <span class='ocrx_word' id='word_1_130' title='bbox 411 2308 528 2382; x_wconf 88' lang='lat' dir='ltr'><strong>parum</strong></span> <span class='ocrx_word' id='word_1_131' title='bbox 540 2297 617 2382; x_wconf 84' lang='lat' dir='ltr'><strong>apte</strong></span> <span class='ocrx_word' id='word_1_132' title='bbox 629 2278 663 2353; x_wconf 91' lang='lat' dir='ltr'><strong>id</strong></span> <span class='ocrx_word' id='word_1_133' title='bbox 674 2280 878 2374; x_wconf 77' lang='lat' dir='ltr'><strong>designaret,</strong></span> <span class='ocrx_word' id='word_1_134' title='bbox 893 2281 921 2355; x_wconf 90' lang='lat' dir='ltr'><strong>si</strong></span> <span class='ocrx_word' id='word_1_135' title='bbox 935 2282 1068 2382; x_wconf 89' lang='lat' dir='ltr'><strong>quidem</strong></span> <span class='ocrx_word' id='word_1_136' title='bbox 1083 2304 1202 2385; x_wconf 89' lang='lat' dir='ltr'><strong>praeter</strong></span> <span class='ocrx_word' id='word_1_137' title='bbox 1281 2296 1285 2303; x_wconf 88' lang='grc'><strong>’</strong></span> 
     </span>
     <span class='ocr_line' id='line_1_18' title="bbox 127 2395 1200 2498; baseline 0.003 -26"><span class='ocrx_word' id='word_1_138' title='bbox 127 2428 178 2473; x_wconf 72' lang='lat' dir='ltr'><strong>sex</strong></span> <span class='ocrx_word' id='word_1_139' title='bbox 195 2395 272 2472; x_wconf 86' lang='lat' dir='ltr'><strong>illas</strong></span> <span class='ocrx_word' id='word_1_140' title='bbox 287 2398 438 2498; x_wconf 80' lang='lat' dir='ltr'><strong>hyemes,</strong></span> <span class='ocrx_word' id='word_1_141' title='bbox 457 2396 501 2471; x_wconf 89' lang='lat' dir='ltr'><strong>ah</strong></span> <span class='ocrx_word' id='word_1_142' title='bbox 513 2424 565 2471; x_wconf 89' lang='lat' dir='ltr'><strong>an.</strong></span> <span class='ocrx_word' id='word_1_143' title='bbox 581 2398 625 2468; x_wconf 91' lang='lat' dir='ltr'><strong>U.</strong></span> <span class='ocrx_word' id='word_1_144' title='bbox 645 2396 682 2470; x_wconf 90' lang='lat' dir='ltr'><strong>C.</strong></span> <span class='ocrx_word' id='word_1_145' title='bbox 701 2414 844 2485; x_wconf 69' lang='lat' dir='ltr'><strong>nechim</strong></span> <span class='ocrx_word' id='word_1_146' title='bbox 863 2398 1091 2498; x_wconf 72' lang='lat' dir='ltr'><strong>precipitante</strong></span> <span class='ocrx_word' id='word_1_147' title='bbox 1106 2401 1200 2498; x_wconf 79' lang='lat' dir='ltr'><strong>juxta</strong></span> 
     </span>
     <span class='ocr_line' id='line_1_19' title="bbox 128 2511 1200 2619; baseline -0.003 -25"><span class='ocrx_word' id='word_1_148' title='bbox 128 2520 295 2595; x_wconf 85' lang='lat' dir='ltr'><strong>Norisium</strong></span> <span class='ocrx_word' id='word_1_149' title='bbox 321 2533 540 2619; x_wconf 88' lang='lat' dir='ltr'><strong>supputatas,</strong></span> <span class='ocrx_word' id='word_1_150' title='bbox 565 2513 778 2610; x_wconf 78' lang='lat' dir='ltr'><strong>transegisset</strong></span> <span class='ocrx_word' id='word_1_151' title='bbox 803 2511 914 2588; x_wconf 88' lang='lat' dir='ltr'><strong>adhuc</strong></span> <span class='ocrx_word' id='word_1_152' title='bbox 935 2513 969 2588; x_wconf 91' lang='lat' dir='ltr'><strong>in</strong></span> <span class='ocrx_word' id='word_1_153' title='bbox 997 2515 1103 2591; x_wconf 84' lang='lat' dir='ltr'><strong>exsilii</strong></span> <span class='ocrx_word' id='word_1_154' title='bbox 1124 2517 1200 2591; x_wconf 89' lang='lat' dir='ltr'><strong>loco</strong></span> 
     </span>
     <span class='ocr_line' id='line_1_20' title="bbox 127 2634 1202 2738; baseline -0.002 -24"><span class='ocrx_word' id='word_1_155' title='bbox 127 2635 271 2738; x_wconf 83' lang='lat' dir='ltr'><strong>ejusdem</strong></span> <span class='ocrx_word' id='word_1_156' title='bbox 288 2637 366 2712; x_wconf 90' lang='lat' dir='ltr'><strong>anni</strong></span> <span class='ocrx_word' id='word_1_157' title='bbox 384 2654 600 2722; x_wconf 89' lang='lat' dir='ltr'><strong>autumnum,</strong></span> <span class='ocrx_word' id='word_1_158' title='bbox 615 2651 780 2720; x_wconf 81' lang='lat' dir='ltr'><strong>aestatem,</strong></span> <span class='ocrx_word' id='word_1_159' title='bbox 800 2663 837 2708; x_wconf 85' lang='lat' dir='ltr'><strong>ac</strong></span> <span class='ocrx_word' id='word_1_160' title='bbox 852 2662 926 2720; x_wconf 88' lang='lat' dir='ltr'><strong>ver,</strong></span> <span class='ocrx_word' id='word_1_161' title='bbox 941 2634 1042 2708; x_wconf 91' lang='lat' dir='ltr'><strong>immo</strong></span> <span class='ocrx_word' id='word_1_162' title='bbox 1056 2634 1084 2708; x_wconf 89' lang='lat' dir='ltr'><strong>si</strong></span> <span class='ocrx_word' id='word_1_163' title='bbox 1098 2665 1202 2712; x_wconf 89' lang='lat' dir='ltr'><strong>unum</strong></span> 
     </span>
     <span class='ocr_line' id='line_1_21' title="bbox 127 2749 1200 2855; baseline 0.001 -29"><span class='ocrx_word' id='word_1_164' title='bbox 127 2754 267 2855; x_wconf 83' lang='lat' dir='ltr'><strong>amplius</strong></span> <span class='ocrx_word' id='word_1_165' title='bbox 282 2779 405 2826; x_wconf 87' lang='lat' dir='ltr'><strong>annum</strong></span> <span class='ocrx_word' id='word_1_166' title='bbox 422 2751 611 2848; x_wconf 89' lang='lat' dir='ltr'><strong>integrum,</strong></span> <span class='ocrx_word' id='word_1_167' title='bbox 628 2749 671 2822; x_wconf 91' lang='lat' dir='ltr'><strong>ab</strong></span> <span class='ocrx_word' id='word_1_168' title='bbox 686 2777 737 2829; x_wconf 76' lang='lat' dir='ltr'><strong>an,</strong></span> <span class='ocrx_word' id='word_1_169' title='bbox 754 2767 882 2822; x_wconf 77' lang='lat' dir='ltr'><strong>ltcctxl</strong></span> <span class='ocrx_word' id='word_1_170' title='bbox 900 2749 1093 2838; x_wconf 88' lang='lat' dir='ltr'><strong>Decembri,</strong></span> <span class='ocrx_word' id='word_1_171' title='bbox 1108 2751 1200 2827; x_wconf 88' lang='lat' dir='ltr'><strong>exsul</strong></span> 
     </span>
     <span class='ocr_line' id='line_1_22' title="bbox 127 2862 1291 2969; baseline -0.003 -25"><span class='ocrx_word' id='word_1_172' title='bbox 127 2869 249 2944; x_wconf 83' lang='lat' dir='ltr'><strong>luisset.</strong></span> <span class='ocrx_word' id='word_1_173' title='bbox 270 2870 387 2969; x_wconf 88' lang='lat' dir='ltr'><strong>ltaque</strong></span> <span class='ocrx_word' id='word_1_174' title='bbox 406 2863 512 2940; x_wconf 90' lang='lat' dir='ltr'><strong>multo</strong></span> <span class='ocrx_word' id='word_1_175' title='bbox 531 2863 739 2967; x_wconf 84' lang='lat' dir='ltr'><strong>expeditius,</strong></span> <span class='ocrx_word' id='word_1_176' title='bbox 758 2892 795 2937; x_wconf 92' lang='lat' dir='ltr'><strong>ac</strong></span> <span class='ocrx_word' id='word_1_177' title='bbox 813 2863 891 2940; x_wconf 91' lang='lat' dir='ltr'><strong>huic</strong></span> <span class='ocrx_word' id='word_1_178' title='bbox 909 2862 984 2938; x_wconf 89' lang='lat' dir='ltr'><strong>loco</strong></span> <span class='ocrx_word' id='word_1_179' title='bbox 1001 2867 1200 2941; x_wconf 91' lang='lat' dir='ltr'><strong>convenien·</strong></span> <span class='ocrx_word' id='word_1_180' title='bbox 1284 2911 1291 2924; x_wconf 80' lang='lat'><em>=</em></span> 
     </span>
     <span class='ocr_line' id='line_1_23' title="bbox 128 2981 1202 3084; baseline -0.001 -26"><span class='ocrx_word' id='word_1_181' title='bbox 128 2983 191 3060; x_wconf 89' lang='lat' dir='ltr'><strong>tius</strong></span> <span class='ocrx_word' id='word_1_182' title='bbox 206 3003 259 3058; x_wconf 86' lang='lat' dir='ltr'><strong>est</strong></span> <span class='ocrx_word' id='word_1_183' title='bbox 272 2983 398 3072; x_wconf 85' lang='lat' dir='ltr'><strong>dicere,</strong></span> <span class='ocrx_word' id='word_1_184' title='bbox 409 2986 577 3057; x_wconf 89' lang='lat' dir='ltr'><strong>Nasonem</strong></span> <span class='ocrx_word' id='word_1_185' title='bbox 591 2981 714 3055; x_wconf 88' lang='lat' dir='ltr'><strong>ibidem</strong></span> <span class='ocrx_word' id='word_1_186' title='bbox 728 2981 928 3075; x_wconf 84' lang='lat' dir='ltr'><strong>significare,</strong></span> <span class='ocrx_word' id='word_1_187' title='bbox 939 2981 1108 3082; x_wconf 78' lang='lat' dir='ltr'><strong>hyemem,</strong></span> <span class='ocrx_word' id='word_1_188' title='bbox 1122 3000 1202 3084; x_wconf 86' lang='lat' dir='ltr'><strong>post</strong></span> 
     </span>
     <span class='ocr_line' id='line_1_24' title="bbox 128 3095 1203 3202; baseline -0.004 -28"><span class='ocrx_word' id='word_1_189' title='bbox 128 3101 272 3197; x_wconf 80' lang='lat' dir='ltr'><strong>Augusti</strong></span> <span class='ocrx_word' id='word_1_190' title='bbox 290 3100 460 3175; x_wconf 87' lang='lat' dir='ltr'><strong>decessum</strong></span> <span class='ocrx_word' id='word_1_191' title='bbox 476 3099 627 3202; x_wconf 81' lang='lat' dir='ltr'><strong>proxime</strong></span> <span class='ocrx_word' id='word_1_192' title='bbox 650 3097 899 3185; x_wconf 84' lang='lat' dir='ltr'><strong>succedentem,</strong></span> <span class='ocrx_word' id='word_1_193' title='bbox 920 3126 989 3171; x_wconf 89' lang='lat' dir='ltr'><strong>esse</strong></span> <span class='ocrx_word' id='word_1_194' title='bbox 1009 3095 1114 3172; x_wconf 88' lang='lat' dir='ltr'><strong>exsilii</strong></span> <span class='ocrx_word' id='word_1_195' title='bbox 1130 3126 1203 3170; x_wconf 74' lang='lat' dir='ltr'><strong>sex·</strong></span> 
     </span>
     <span class='ocr_line' id='line_1_25' title="bbox 130 3214 1202 3321; baseline -0.006 -29"><span class='ocrx_word' id='word_1_196' title='bbox 130 3235 203 3306; x_wconf 81' lang='lat' dir='ltr'><strong>tum,</strong></span> <span class='ocrx_word' id='word_1_197' title='bbox 224 3219 269 3294; x_wconf 93' lang='lat' dir='ltr'><strong>ah</strong></span> <span class='ocrx_word' id='word_1_198' title='bbox 283 3248 324 3297; x_wconf 87' lang='lat' dir='ltr'><strong>eo</strong></span> <span class='ocrx_word' id='word_1_199' title='bbox 335 3237 506 3321; x_wconf 87' lang='lat' dir='ltr'><strong>ternpore,</strong></span> <span class='ocrx_word' id='word_1_200' title='bbox 526 3246 594 3318; x_wconf 91' lang='lat' dir='ltr'><strong>quo</strong></span> <span class='ocrx_word' id='word_1_201' title='bbox 606 3243 644 3289; x_wconf 86' lang='lat' dir='ltr'><strong>ex</strong></span> <span class='ocrx_word' id='word_1_202' title='bbox 657 3214 739 3288; x_wconf 90' lang='lat' dir='ltr'><strong>urhe</strong></span> <span class='ocrx_word' id='word_1_203' title='bbox 753 3215 861 3288; x_wconf 89' lang='lat' dir='ltr'><strong>Roma</strong></span> <span class='ocrx_word' id='word_1_204' title='bbox 877 3215 1072 3288; x_wconf 83' lang='lat' dir='ltr'><strong>discesserat</strong></span> <span class='ocrx_word' id='word_1_205' title='bbox 1082 3230 1202 3315; x_wconf 84' lang='lat' dir='ltr'><strong>poeta,</strong></span> 
     </span>
     <span class='ocr_line' id='line_1_26' title="bbox 131 3331 1204 3436; baseline -0.007 -28"><span class='ocrx_word' id='word_1_206' title='bbox 131 3353 343 3424; x_wconf 60' lang='lat' dir='ltr'><strong>numeratam</strong></span> <span class='ocrx_word' id='word_1_207' title='bbox 353 3331 585 3436; x_wconf 81' lang='lat' dir='ltr'><strong>utqueidcirco</strong></span> <span class='ocrx_word' id='word_1_208' title='bbox 596 3333 757 3406; x_wconf 87' lang='lat' dir='ltr'><strong>Nostrum</strong></span> <span class='ocrx_word' id='word_1_209' title='bbox 770 3359 879 3404; x_wconf 88' lang='lat' dir='ltr'><strong>revera</strong></span> <span class='ocrx_word' id='word_1_210' title='bbox 888 3345 940 3402; x_wconf 86' lang='lat' dir='ltr'><strong>an&#39;.</strong></span> <span class='ocrx_word' id='word_1_211' title='bbox 952 3331 994 3404; x_wconf 92' lang='lat' dir='ltr'><strong>U.</strong></span> <span class='ocrx_word' id='word_1_212' title='bbox 1008 3332 1046 3406; x_wconf 87' lang='lat' dir='ltr'><strong>C.</strong></span> <span class='ocrx_word' id='word_1_213' title='bbox 1057 3346 1204 3403; x_wconf 81' lang='lat' dir='ltr'><strong>ncctxrt</strong></span> 
     </span>
     <span class='ocr_line' id='line_1_27' title="bbox 135 3434 1204 3549; baseline -0.006 -23"><span class='ocrx_word' id='word_1_214' title='bbox 135 3453 297 3529; x_wconf 88' lang='lat' dir='ltr'><strong>desinente</strong></span> <span class='ocrx_word' id='word_1_215' title='bbox 314 3453 349 3527; x_wconf 89' lang='lat' dir='ltr'><strong>in</strong></span> <span class='ocrx_word' id='word_1_216' title='bbox 366 3451 517 3527; x_wconf 82' lang='lat' dir='ltr'><strong>exsilium</strong></span> <span class='ocrx_word' id='word_1_217' title='bbox 534 3448 673 3536; x_wconf 89' lang='lat' dir='ltr'><strong>abiisse;</strong></span> <span class='ocrx_word' id='word_1_218' title='bbox 692 3434 964 3549; x_wconf 81' lang='lat' dir='ltr'><strong>quandoquidem</strong></span> <span class='ocrx_word' id='word_1_219' title='bbox 984 3462 1075 3521; x_wconf 76' lang='lat' dir='ltr'><strong>serto</strong></span> <span class='ocrx_word' id='word_1_220' title='bbox 1088 3446 1204 3549; x_wconf 89' lang='lat' dir='ltr'><strong>hyems</strong></span> 
     </span>
     <span class='ocr_line' id='line_1_28' title="bbox 135 3561 1204 3666; baseline -0.008 -19"><span class='ocrx_word' id='word_1_221' title='bbox 135 3573 171 3646; x_wconf 89' lang='lat' dir='ltr'><strong>ah</strong></span> <span class='ocrx_word' id='word_1_222' title='bbox 186 3601 274 3647; x_wconf 82' lang='lat' dir='ltr'><strong>anno</strong></span> <span class='ocrx_word' id='word_1_223' title='bbox 288 3573 332 3646; x_wconf 90' lang='lat' dir='ltr'><strong>U.</strong></span> <span class='ocrx_word' id='word_1_224' title='bbox 348 3572 386 3646; x_wconf 86' lang='lat' dir='ltr'><strong>C.</strong></span> <span class='ocrx_word' id='word_1_225' title='bbox 407 3583 580 3654; x_wconf 74' lang='lat' dir='ltr'><strong>ncctryu</strong></span> <span class='ocrx_word' id='word_1_226' title='bbox 602 3583 739 3640; x_wconf 86' lang='lat' dir='ltr'><strong>exeunte</strong></span> <span class='ocrx_word' id='word_1_227' title='bbox 756 3581 846 3639; x_wconf 87' lang='lat' dir='ltr'><strong>retro</strong></span> <span class='ocrx_word' id='word_1_228' title='bbox 864 3581 1044 3666; x_wconf 79' lang='lat' dir='ltr'><strong>supputata</strong></span> <span class='ocrx_word' id='word_1_229' title='bbox 1058 3594 1133 3638; x_wconf 92' lang='lat' dir='ltr'><strong>cnm</strong></span> <span class='ocrx_word' id='word_1_230' title='bbox 1147 3561 1204 3638; x_wconf 89' lang='lat' dir='ltr'><strong>illa</strong></span> 
     </span>
     <span class='ocr_line' id='line_1_29' title="bbox 136 3685 550 3764; baseline -0.014 -2"><span class='ocrx_word' id='word_1_231' title='bbox 136 3690 204 3762; x_wconf 85' lang='lat' dir='ltr'><strong>anni</strong></span> <span class='ocrx_word' id='word_1_232' title='bbox 220 3706 365 3764; x_wconf 77' lang='lat' dir='ltr'><strong>ltceLxlt</strong></span> <span class='ocrx_word' id='word_1_233' title='bbox 382 3685 550 3759; x_wconf 89' lang='lat' dir='ltr'><strong>coincidit.</strong></span> 
     </span>
    </p>

    <p class='ocr_par' dir='ltr' id='par_1_4' title="bbox 136 3797 1213 4136">
     <span class='ocr_line' id='line_1_30' title="bbox 179 3797 1210 3905; baseline -0.007 -28"><span class='ocrx_word' id='word_1_234' title='bbox 179 3803 210 3880; x_wconf 83' lang='lat'><strong>3.</strong></span> <span class='ocrx_word' id='word_1_235' title='bbox 228 3807 323 3880; x_wconf 90' lang='lat' dir='ltr'><strong>Idem</strong></span> <span class='ocrx_word' id='word_1_236' title='bbox 341 3820 434 3905; x_wconf 90' lang='lat' dir='ltr'><strong>patet</strong></span> <span class='ocrx_word' id='word_1_237' title='bbox 451 3832 490 3878; x_wconf 89' lang='lat' dir='ltr'><strong>ex</strong></span> <span class='ocrx_word' id='word_1_238' title='bbox 514 3799 642 3878; x_wconf 81' lang='lat' dir='ltr'><strong>&#39;liberii</strong></span> <span class='ocrx_word' id='word_1_239' title='bbox 667 3799 839 3902; x_wconf 89' lang='lat' dir='ltr'><strong>triumpho</strong></span> <span class='ocrx_word' id='word_1_240' title='bbox 867 3797 907 3872; x_wconf 90' lang='lat' dir='ltr'><strong>de</strong></span> <span class='ocrx_word' id='word_1_241' title='bbox 925 3797 1111 3872; x_wconf 89' lang='lat' dir='ltr'><strong>Pannoniis</strong></span> <span class='ocrx_word' id='word_1_242' title='bbox 1128 3797 1210 3870; x_wconf 89' lang='lat' dir='ltr'><strong>Dal-</strong></span> 
     </span>
     <span class='ocr_line' id='line_1_31' title="bbox 136 3913 1213 4028; baseline -0.011 -29"><span class='ocrx_word' id='word_1_243' title='bbox 136 3926 311 4028; x_wconf 83' lang='lat' dir='ltr'><strong>natisqne,</strong></span> <span class='ocrx_word' id='word_1_244' title='bbox 332 3947 421 3998; x_wconf 90' lang='lat' dir='ltr'><strong>anno</strong></span> <span class='ocrx_word' id='word_1_245' title='bbox 435 3923 477 3995; x_wconf 92' lang='lat' dir='ltr'><strong>U.</strong></span> <span class='ocrx_word' id='word_1_246' title='bbox 497 3923 535 3996; x_wconf 86' lang='lat' dir='ltr'><strong>C.</strong></span> <span class='ocrx_word' id='word_1_247' title='bbox 555 3939 696 3997; x_wconf 77' lang='lat' dir='ltr'><strong>ucetxv</strong></span> <span class='ocrx_word' id='word_1_248' title='bbox 710 3918 919 4020; x_wconf 85' lang='lat' dir='ltr'><strong>exspirante,</strong></span> <span class='ocrx_word' id='word_1_249' title='bbox 937 3935 976 3991; x_wconf 93' lang='lat' dir='ltr'><strong>nt</strong></span> <span class='ocrx_word' id='word_1_250' title='bbox 993 3917 1126 4018; x_wconf 88' lang='lat' dir='ltr'><strong>ipsimet</strong></span> <span class='ocrx_word' id='word_1_251' title='bbox 1140 3913 1213 3988; x_wconf 82' lang='lat' dir='ltr'><strong>Cal-</strong></span> 
     </span>
     <span class='ocr_line' id='line_1_32' title="bbox 136 4036 1213 4136; baseline -0.01 -21"><span class='ocrx_word' id='word_1_252' title='bbox 136 4041 228 4118; x_wconf 85' lang='lat' dir='ltr'><strong>visins</strong></span> <span class='ocrx_word' id='word_1_253' title='bbox 237 4071 275 4118; x_wconf 89' lang='lat' dir='ltr'><strong>ac</strong></span> <span class='ocrx_word' id='word_1_254' title='bbox 287 4039 462 4115; x_wconf 63' lang='lat' dir='ltr'><strong>uox-isius</strong></span> <span class='ocrx_word' id='word_1_255' title='bbox 476 4037 687 4126; x_wconf 90' lang='lat' dir='ltr'><strong>concedunt,</strong></span> <span class='ocrx_word' id='word_1_256' title='bbox 703 4036 825 4123; x_wconf 86' lang='lat' dir='ltr'><strong>ducto,</strong></span> <span class='ocrx_word' id='word_1_257' title='bbox 840 4047 872 4108; x_wconf 82' lang='lat' dir='ltr'><strong>et</strong></span> <span class='ocrx_word' id='word_1_258' title='bbox 886 4051 998 4136; x_wconf 77' lang='lat' dir='ltr'><strong>poetae</strong></span> <span class='ocrx_word' id='word_1_259' title='bbox 1010 4045 1213 4118; x_wconf 84' lang='lat' dir='ltr'><strong>memorato,</strong></span> 
     </span>
    </p>
   </div>
   <div class='ocr_carea' id='block_1_3' title="bbox 162 4183 547 4257">
    <p class='ocr_par' dir='ltr' id='par_1_5' title="bbox 162 4183 547 4257">
     <span class='ocr_line' id='line_1_33' title="bbox 162 4183 547 4257; baseline -0.021 -13"><span class='ocrx_word' id='word_1_260' title='bbox 162 4191 170 4224; x_wconf 89' lang='lat'>¹</span> <span class='ocrx_word' id='word_1_261' title='bbox 186 4187 227 4244; x_wconf 83' lang='lat' dir='ltr'><strong>De</strong></span> <span class='ocrx_word' id='word_1_262' title='bbox 238 4187 341 4246; x_wconf 75' lang='lat' dir='ltr'><strong>Cenat</strong></span> <span class='ocrx_word' id='word_1_263' title='bbox 353 4185 407 4241; x_wconf 79' lang='lat' dir='ltr'><strong>Pis.</strong></span> <span class='ocrx_word' id='word_1_264' title='bbox 418 4205 475 4257; x_wconf 81' lang='lat' dir='ltr'><strong>pag.</strong></span> <span class='ocrx_word' id='word_1_265' title='bbox 489 4183 547 4239; x_wconf 79' lang='lat'><strong>323.</strong></span> 
     </span>
    </p>
   </div>
   <div class='ocr_carea' id='block_1_4' title="bbox 0 0 1518 5000">
    <p class='ocr_par' dir='ltr' id='par_1_6' title="bbox 0 0 1518 5000">
     <span class='ocr_line' id='line_1_34' title="bbox 0 0 1518 5000; baseline 0 0"><span class='ocrx_word' id='word_1_266' title='bbox 0 0 1518 5000; x_wconf 95' lang='lat' dir='ltr'><strong> </strong></span> 
     </span>
    </p>
   </div>
  </div>
 </body>
</html>
