3017 5000
290 453 332 518 56
679 450 973 521 EXCURSUS

288 591 433 664 Etista:

485 732 542 786 Aut
554 733 596 802 pia
610 743 634 786 te
647 751 713 786 ceso
725 731 829 786 dicatur
841 732 974 797 adultera,
989 729 1056 784 sieut

523 821 586 892 Qua
599 822 693 876 cecidit
707 823 813 878 Lamon
827 821 947 888 vindice,
959 821 1027 875 dicta
1040 818 1082 889 pia
1094 829 1140 873 est.

287 938 371 1010 Item
390 936 445 1010 illa
466 967 474 1011 :

490 1083 614 1139 AEthalon
629 1094 658 1137 ut
670 1085 721 1136 vita
731 1083 851 1152 spoliavit
861 1082 955 1136 lsidius
965 1082 1059 1150 hospes
1069 1119 1077 1146 ,

521 1176 612 1244 Quem
625 1193 730 1230 memor
741 1195 755 1226 a
765 1175 844 1227 sacris
857 1191 1048 1242 huncquoque
1062 1169 1136 1239 pellit
1150 1168 1189 1222 lo.

484 1268 576 1335 thue
587 1265 773 1319 Melantheum
788 1264 903 1317 tenebris
915 1283 929 1316 a
939 1264 1009 1317 code
1022 1262 1150 1315 latentem

526 1356 647 1409 Prodidit
659 1355 750 1408 olsteio
763 1354 871 1408 luminis
882 1355 937 1425 ipsa
947 1373 1051 1425 parens.

288 1503 335 1573 Et
353 1498 491 1585 similia,
518 1527 661 1599 quorum
691 1498 925 1601 interpretatio
950 1496 1093 1597 petenda
1119 1512 1208 1570 esset
1231 1494 1274 1568 ab
1297 1493 1370 1569 illis

289 1617 531 1716 scriptoribus,
549 1617 623 1716 qui,
643 1618 804 1716 temporis
820 1615 941 1714 injuria
954 1613 1087 1702 amissi,
1103 1612 1198 1687 triste
1213 1612 1315 1686 nobis
1333 1629 1369 1684 et

289 1731 444 1806 acerbum
455 1732 507 1806 sui
518 1731 717 1806 desiderium
729 1730 936 1832 reliquenmt
949 1762 958 1804 ε
971 1732 1028 1804 hic
1038 1731 1126 1806 enim
1140 1730 1262 1805 fabulae
1275 1757 1370 1830 quae-

290 1849 364 1922 dam
382 1849 448 1922 sive
472 1849 622 1922 historia
647 1865 850 1943 tanguntur,
877 1877 1018 1949 quarum
1040 1848 1130 1949 apud
1148 1875 1253 1921 unum
1276 1845 1369 1919 dun-

291 1981 382 2037 taxat
401 1981 571 2038 auctorem
592 1964 717 2038 mentio
736 1982 804 2051 est,
827 1993 925 2064 quem
941 1963 969 2037 si
989 1964 1075 2038 lorte
1093 1959 1269 2037 desiderari
1285 1977 1368 2034 cou-

289 2082 438 2175 tigisset,
456 2081 495 2154 de
515 2108 627 2154 earum
645 2080 850 2157 enarratione
868 2078 985 2180 procul
1008 2077 1111 2152 dubio
1139 2095 1248 2152 actum
1265 2092 1365 2149 esset.

290 2195 455 2268 Nimirum
473 2194 586 2268 Achai
604 2195 824 2296 supplicium,
838 2195 934 2294 cujus
946 2193 1097 2269 meminit
1110 2193 1252 2267 Ovidius
1267 2217 1369 2265 versu

291 2309 385 2400 301,
403 2340 491 2385 unus
511 2310 673 2412 Polybius
691 2330 939 2386 commemorat.
960 2310 1097 2412 Pyrrhi,
1115 2306 1256 2384 Achillis
1279 2306 1368 2394 lilii,

290 2429 447 2531 reliquias
471 2458 532 2530 per
551 2429 737 2504 Ambracia
761 2429 831 2504 vias
850 2427 1003 2529 disjectas
1025 2456 1120 2515 esse,
1147 2424 1282 2527 Hygino
1301 2423 1371 2498 soli

291 2574 367 2619 cum
380 2548 513 2619 Nasone
526 2546 690 2620 convenit.
708 2547 761 2620 De
772 2543 1047 2646 Eurydamantea
1059 2542 1194 2618 Simone
1204 2542 1370 2618 Larissaeo

292 2661 376 2735 circa
393 2658 561 2760 Thrasylli
579 2659 745 2735 tumulum
768 2678 919 2761 raptato,
939 2678 1060 2761 praeter
1075 2660 1235 2734 Ovidium
1253 2678 1287 2734 et
1302 2660 1371 2733 Di-

285 2778 444 2878 'dymum,
462 2777 600 2851 Homeri
612 2776 822 2851 Scboliasten
830 2776 874 2851 ad
888 2775 983 2849 Iliad.
1009 2798 1048 2864 x,
1067 2805 1166 2850 nemo
1182 2776 1370 2878 quidquam

289 2893 457 2969 memoria
469 2892 628 2993 prodidit.
638 2893 787 2966 Thasum
799 2893 898 2967 etiam
909 2892 1076 2967 acanibus
1086 2891 1263 2967 laceratum
1275 2897 1370 2967 Naso

291 3009 451 3083 duntaxat
479 3026 511 3081 et
538 3010 693 3109 Hyginus
719 3008 914 3084 retulerunt.
953 3013 1038 3084 Item
1065 3037 1196 3083 carmen
1219 3008 1287 3109 507
1318 3009 1368 3082 ab

290 3126 391 3200 unico
408 3124 561 3199 Diodoro
580 3123 783 3211 illustratur,
801 3145 840 3199 ut
855 3144 890 3199 et
905 3153 1020 3201 versus
1042 3124 1108 3199 531
1138 3126 1181 3200 ab
1200 3126 1370 3228 epigram-

290 3258 376 3315 mate
392 3244 509 3335 ἀδήλῳ,
530 3238 589 3311 lib.
605 3241 655 3311 lll
671 3238 902 3333 Anthologia3
917 3256 956 3312 ut
968 3237 1126 3312 credibile
1139 3238 1199 3326 sit,
1215 3238 1369 3340 quadarn

288 3358 344 3433 hic
364 3388 434 3434 esse
452 3358 572 3445 obvia,
590 3385 663 3458 quae
681 3357 709 3431 si
726 3357 802 3457 quis
820 3356 902 3431 alibi
920 3384 1065 3457 quarere
1081 3356 1183 3445 velit,
1206 3384 1366 3458 operam,

291 3476 391 3551 credo
410 3534 419 3563 ,
446 3504 576 3549 omnem
593 3472 719 3547 luserit.
742 3474 798 3546 Sic
815 3473 905 3575 apud
924 3474 1201 3575 Lycophronetn,
1219 3474 1371 3549 historiae

292 3593 440 3693 quaedam
450 3608 596 3677 exstant,
611 3619 694 3689 quas
702 3618 801 3663 nemo
812 3589 897 3665 alius
911 3592 1041 3687 attigit,
1056 3608 1095 3664 ut
1106 3591 1233 3691 Prylis,
1246 3590 1368 3679 Midam

291 3727 325 3783 et
347 3705 507 3781 vocabula
529 3735 598 3780 non
619 3734 744 3806 pauca,
773 3706 897 3808 quibus
913 3727 1033 3807 prater
1053 3736 1129 3783 eum
1148 3707 1261 3783 nullus
1282 3736 1371 3785 usus

292 3840 364 3909 est,
392 3820 500 3921 qualia
532 3828 686 3921 φύλαμος,
718 3830 827 3918 tuipse,
850 3830 969 3922 πέρῥα,
993 3831 1111 3904 milae·
1145 3823 1228 3919 Ejus
1255 3838 1372 3895 tamen

290 3934 538 4023 Alexandrum,
568 3935 636 4008 sive
661 3934 906 4023 Cassandram,
934 3938 1085 4038 quamvis
1102 3933 1370 4025 tenebricosam,

292 4051 458 4151 poematia
484 4067 599 4124 nostro
625 4049 851 4125 obscuriorem
876 4079 947 4125 esse
971 4050 1141 4125 Domitius
1158 4078 1228 4123 nou
1245 4077 1372 4123 conce-

289 4167 347 4239 dit.
369 4168 423 4241 sic
437 4167 526 4241 euim
536 4166 745 4270 peroratione
757 4168 1080 4243 Commentariorum
1091 4196 1225 4245 suorum
1240 4196 1248 4239 :
1267 4201 1284 4233 α
1297 4169 1369 4268 Ly-
