3017 5000
621 505 744 578 lBIS.

186 648 340 742 Deneget
354 643 496 720 adllatus
513 663 633 722 ventus
647 665 680 724 et
697 679 777 724 aura
793 653 882 726 suos,

138 763 205 836 Nec
226 760 288 834 tibi
306 758 365 833 Sol
384 759 511 850 clarus,
528 789 590 836 nec
607 762 652 837 sit
668 763 731 838 tibi
751 764 861 841 lucida
879 766 1025 858 Phoebe3

184 875 381 952 Destituant
399 875 518 952 oculos
536 877 645 952 sidera
663 879 748 956 clara
767 899 856 956 tuos.

139 994 207 1067 Nee
221 1021 258 1067 se
273 993 467 1084 Vulcanus,
486 1024 546 1070 uec
562 1025 596 1070 se
615 997 675 1070 tibi
694 998 841 1098 praebeat
855 1028 931 1075 aer:

186 1111 257 1185 Nee
273 1112 337 1185 tibi
352 1112 410 1186 det
427 1111 546 1202 tellus,
565 1141 629 1208 neq
643 1114 705 1190 tibi
723 1128 851 1217 pontus
867 1118 939 1191 iter.

141 1228 264 1320 Exsul,
282 1231 383 1334 inops
396 1259 499 1318 erres,
519 1231 690 1334 alienaque
708 1233 820 1309 limina
838 1233 981 1324 lustres,

94 1404 100 1414 .
185 1347 424 1448 Exiguumque
440 1365 535 1448 petas
552 1377 610 1423 ore
626 1368 787 1425 tremente
803 1351 926 1426 cibum.

139 1463 206 1536 ttae
223 1491 347 1565 corpus
367 1461 525 1564 querulo,
544 1490 605 1536 nec
623 1492 716 1541 mens
731 1484 824 1542 vacet
840 1497 926 1566 agra
944 1469 1081 1560 dolore;
1173 1489 1219 1543 nt

185 1579 328 1679 Noxque
346 1577 400 1653 die
416 1579 547 1674 gramm
562 1581 605 1654 sit
623 1580 707 1670 tibi,
725 1601 824 1658 nocte
842 1585 922 1660 dies.

140 1691 258 1794 Sisque
273 1693 374 1768 miser
392 1721 539 1796 semper;
557 1724 618 1770 nec
635 1695 682 1772 sis
699 1698 899 1774 miserabilis
914 1699 996 1777 ulli:

191 1812 343 1887 Gaudeat
356 1813 502 1888 adversis
520 1814 643 1890 semina
659 1815 775 1917 virque
793 1818 870 1892 tuis.

140 1927 284 2002 Accedat
299 1926 455 2030 lacrymis
471 1929 604 2017 odium,
623 1931 812 2034 dignusque
829 1952 962 2035 putere,

187 2045 258 2142 Qui
274 2045 376 2134 mala,
393 2076 497 2148 quum
516 2046 631 2123 tuleris
647 2048 809 2149 plurima,
828 2051 925 2153 plura
940 2053 1035 2128 seras.
1171 2090 1218 2128 120

141 2163 272 2266 Sitque,
291 2165 384 2266 quod
398 2184 450 2240 est
465 2193 593 2256 rarum,
612 2164 713 2242 solito
732 2166 861 2244 delecta
877 2170 990 2244 favore

185 2281 358 2354 AErumuae
373 2281 474 2356 facies
491 2281 657 2358 invidiosa
674 2299 749 2357 tue.

137 2393 315 2496 Causaque
330 2424 399 2470 non
418 2396 523 2485 desit,
544 2397 629 2470 desit
646 2397 709 2471 tibi
723 2397 820 2498 copia
837 2399 970 2474 mortis:

185 2514 349 2615 Optatam
361 2512 469 2610 fugiat
485 2515 552 2590 vita
569 2534 683 2589 coacta
699 2543 823 2590 necem.

136 2635 363 2734 Luctatusque
380 2632 439 2706 diu
457 2632 620 2707 cruciatos
638 2633 778 2734 spiritus
796 2650 888 2708 artus

182 2750 342 2835 Deserat,
359 2766 394 2822 et
410 2747 512 2843 longa
532 2765 689 2849 torqueat
705 2765 783 2821 ante
798 2776 900 2823 mora.

136 2867 297 2942 lit-ient
310 2897 318 2940 :
333 2865 427 2939 dedit
443 2865 514 2967 ipse
531 2864 615 2939 mihi
630 2865 732 2939 modo
751 2866 846 2961 sigua
863 2864 968 2939 sutori

183 2980 356 3067 Phoebus;
376 2997 410 3054 et
424 3009 443 3054 a
462 2978 539 3054 laeva
556 2996 674 3053 moesta
691 2978 816 3053 volavit
832 2979 911 3053 avis.

138 3100 233 3174 Certe
251 3126 333 3193 ego,
351 3124 425 3197 quae
441 3124 565 3187 voveo,
582 3096 732 3197 Superos
748 3113 882 3172 motura
900 3096 1047 3199 putabo,

184 3214 320 3318 Speque
336 3231 400 3288 tuae
415 3213 553 3303 mortis,
570 3211 714 3315 perfide,
730 3239 860 3313 semper
877 3207 954 3285 alar.
1165 3235 1214 3287 rao

169 3395 225 3429 ιιο.
240 3374 332 3427 ὥϊινα
342 3376 422 3425 clara.
436 3372 534 3425 Cuncta
545 3380 651 3441 praestat
734 3390 788 3438 ¹²7·
798 3372 929 3424 Erem'eat.
941 3368 1028 3423 Omni
1035 3368 1063 3423 in
1072 3389 1101 3424 re
1112 3370 1215 3441 agenda

137 3452 229 3524 reponi
236 3471 299 3506 cum
307 3451 390 3504 tribus
397 3448 499 3520 scriptis
507 3468 514 3501 ε
523 3469 586 3503 uam
596 3454 650 3503 cla·
698 3449 873 3502 observabant
886 3450 1001 3517 majores
1012 3450 1104 3519 signa,
1126 3468 1184 3520 quat
1198 3470 1214 3505 a

136 3552 176 3586 ras
185 3534 236 3585 Sol
243 3542 411 3600 praecesserat
423 3530 502 3598 paulo
514 3541 583 3583 ante.
596 3528 632 3582 H.
697 3525 854 3579 numinibus
862 3526 1005 3580 darentur:
1015 3536 1044 3579 ut
1051 3538 1097 3581 aut
1104 3527 1145 3583 bis
1152 3546 1214 3581 con·

169 3612 489 3683 „qoiffluquepmcn‘e
498 3610 586 3664 Putem
592 3628 650 3663 me·
698 3604 797 3657 firmati
807 3624 866 3658 rem
879 3605 1029 3659 inchoatam
1037 3605 1213 3677 perficerent,

138 3688 222 3745 nom,
699 3694 744 3737 aut
757 3684 892 3754 perterriti
908 3683 1072 3739 desisterent.
1085 3685 1214 3740 lncboato

169 3766 443 3837 122.Fort1uaesoc1'es
455 3768 648 3820 iarr'drosatue.
697 3762 779 3833 igitur
800 3762 947 3817 devotionis
971 3764 1112 3833 carmine,
1139 3763 1218 3835 fingit

136 3846 356 3916 bamaeaeripti
364 3846 482 3917 plurimi,
493 3845 649 3901 cumJureti
697 3851 777 3910 poeti
796 3840 868 3895 Deos
886 3842 961 3912 signa
979 3841 1100 3910 dedisse,
1120 3842 1215 3913 quibus

136 3925 209 3979 libro.
698 3920 896 3991 portendebant
914 3924 972 3994 ejus
995 3924 1216 3993 imprecationem

169 4002 224 4055 123.
232 4004 368 4071 causaque
374 4020 424 4054 ron
434 4004 514 4062 deret,
528 4002 653 4055 desettr'br'
698 3998 758 4052 lore
773 4009 867 4054 ratam.

135 4090 209 4151 copie
222 4087 317 4137 mortis.
332 4082 412 4135 Juxta
424 4078 603 4150 Sophocleum
617 4079 650 4133 il·
734 4078 789 4131 128.
800 4080 838 4130 Et
848 4098 867 4132 a
879 4082 944 4132 Iera
950 4088 1053 4134 mesta.
1067 4076 1132 4135 Caeli
1140 4090 1214 4150 parte

138 4162 181 4216 tud
195 4160 225 4214 in
242 4162 365 4230 Electra,
379 4180 446 4213 vers.
463 4177 527 4212 aoro
539 4177 546 4211 :
558 4164 593 4215 ot
605 4162 650 4235 γὰρ
697 4156 802 4212 sinistra
815 4176 822 4211 :
836 4159 868 4212 ab
879 4178 910 4213 ea
923 4159 997 4212 enim
1011 4159 1139 4214 Romanis
1153 4178 1217 4228 pro·
1273 4166 1279 4171 “

139 4250 210 4293 turea
221 4246 342 4309 ἵχύιστον,
360 4238 411 4294 ἄλλ’
425 4242 479 4294 ὅταν
495 4250 569 4293 θανεῖν
581 4244 648 4315 xpt-
697 4258 776 4309 spera
785 4238 902 4310 auguria.
914 4240 1000 4293 Graiis
1010 4250 1038 4294 et
1049 4238 1173 4294 Barbaris
1182 4259 1215 4294 ea

140 4328 183 4383 ζων
199 4342 250 4387 τις,
264 4327 314 4375 cira
325 4326 387 4388 pardi
400 4316 461 4375 τοῦτ’
474 4322 517 4392 ἵκῃ
532 4324 616 4372 λαίαν.
698 4317 809 4372 meliora
824 4328 917 4387 erant,
937 4337 997 4388 qu·
1017 4338 1032 4373 a
1050 4318 1143 4373 (lextra
1159 4319 1216 4373 celi
