3017 5000
426 488 526 557 PER
550 490 583 556 J.
610 487 844 559 Massott„
1109 495 1176 561 223

257 630 341 685 Hirta
352 628 386 684 sit
400 628 456 685 hate
467 630 586 700 quamvis
597 632 668 691 iuter
682 633 824 701 Graiosque
836 634 982 703 Getasque,

292 720 398 775 amate
411 722 508 792 pacatis
521 723 579 793 pias
591 723 671 778 trabit
684 724 731 778 ora
745 726 820 779 Gea's
834 735 884 779 etr„

149 838 207 911 IV.
224 838 400 915 Addamus
417 858 451 915 et
463 839 518 915 hic
532 840 799 916 observationem
811 840 1014 920 illustrando
1032 842 1181 942 ejusdem

110 960 159 1037 lib.
178 964 227 1039 lIl
242 992 286 1039 ex
303 964 435 1054 Ponto,
464 965 576 1069 Epist.
604 964 769 1056 11,loe0‚
794 994 831 1040 ac
852 966 971 1054 Cotta,
992 968 1045 1044 cui
1061 968 1181 1043 inseri-

108 1077 208 1168 bitur,
217 1081 347 1181 geaeri¹
362 1080 589 1155 neeessariam.
604 1078 737 1155 Scilicet
750 1078 895 1155 Ovidius
906 1080 945 1157 de
957 1081 1058 1185 hujus
1072 1082 1181 1160 Cottae

109 1195 228 1269 aan'bas
242 1194 401 1297 loquens,
419 1196 513 1270 addit
529 1224 613 1271 vers.
639 1196 798 1271 105-108
814 1227 823 1271 ε

264 1345 342 1415 Quot
358 1347 465 1399 Volesus
470 1319 555 1413 pieta
564 1350 705 1417 cognoseat
719 1350 946 1411 uouiaimetat,

296 1435 374 1505 Quos
388 1438 473 1491 Numa
483 1446 611 1490 maternas
624 1454 680 1490 uon
694 1448 775 1507 neget
786 1456 841 1491 esee
854 1456 933 1491 auos:

262 1527 442 1598 donarique
455 1528 570 1599 probeat
581 1528 697 1598 genitiva
707 1528 741 1582 ad
752 1527 863 1583 uomina
876 1527 985 1583 Cotum
997 1550 1005 1593 ς

295 1618 324 1673 si
336 1630 365 1674 tu
377 1638 433 1673 uon
446 1638 530 1689 esses,
543 1619 684 1674 interitura
697 1620 801 1673 domm.

111 1746 222 1847 quibus
242 1748 368 1821 Noster
388 1746 573 1845 significat,
596 1746 721 1822 Cottam
738 1778 779 1822 ex
798 1746 1000 1823 Valeriorum
1023 1748 1186 1823 Messala·

111 1882 280 1959 tangente
298 1892 360 1969 per
375 1878 503 1966 patrem
521 1882 631 1939 ortum
649 1864 802 1955 trahere;
821 1865 948 1969 quippe
965 1894 1046 1962 gens
1065 1895 1125 1941 sua
1139 1868 1183 1941 ab

111 1981 238 2082 antiquo
256 1976 390 2053 Volesi²
407 1998 581 2060 stemmate
595 2010 720 2061 nomen
737 1982 930 2072 derivabat,
948 1984 1057 2085 etqui
1074 1986 1185 2086 primo

112 2092 224 2169 Vaiesii
233 2114 270 2171 et
284 2092 415 2169 Volusii
430 2096 561 2177 fuerant
579 2096 681 2187 dieti,
704 2116 823 2200 postea
838 2116 872 2173 et
891 2098 935 2172 V
928 2100 1020 2175 alerii
1032 2121 1113 2177 sunt
1128 2132 1186 2176 vo
1227 2158 1231 2166 -

113 2214 187 2303 cuti,
206 2232 247 2289 ut
262 2232 351 2289 reete
372 2211 413 2289 el.
431 2212 505 2288 Nic.
524 2214 686 2295 Heinsius
703 2215 843 2287 notavit.
863 2217 911 2288 At
926 2213 1012 2290 male
1027 2246 1106 2292 mox
1123 2218 1184 2293 ad-

112 2328 171 2420 dit,
190 2330 352 2409 Ovidium
369 2360 454 2407 vers.
478 2357 544 2433 107
563 2332 722 2420 inuuere,
740 2332 875 2407 Cottam
887 2330 1051 2432 adoptione
1062 2334 1094 2407 ia
1107 2337 1184 2410 Aa·

113 2448 206 2523 ret'em
229 2446 391 2524 Cauarum
398 2448 558 2550 sermidam
580 2446 723 2524 transisse
747 2444 775 2522 ³.
798 2447 935 2522 Etenim
958 2450 1083 2524 Noster
1098 2448 1185 2526 clare

114 2563 200 2641 docet
222 2565 284 2641 lib.
311 2567 360 2640 lv
378 2593 418 2639 ex
441 2566 580 2652 Ponto,
604 2565 669 2666 Ep.
694 2563 757 2640 ult.
779 2566 889 2639 Cotto
912 2579 1040 2638 matrem
1063 2594 1103 2640 ex
1123 2566 1186 2642 ista

114 2681 277 2758 Cottarmu
295 2681 432 2757 Aurelia
449 2680 571 2755 familia
587 2699 794 2786 procreatam
811 2681 936 2770 fuisse,
952 2710 1000 2756 vs.
1017 2683 1157 2776 41-44:

267 2831 308 2886 Te
320 2841 411 2884 umen
425 2830 452 2884 ia
465 2829 543 2884 turba
554 2847 610 2882 uon
625 2829 725 2894 ausim,
742 2831 831 2890 Cotta,
844 2828 936 2895 silere,

304 2921 442 2978 Pieridum
454 2921 562 2986 lumen,
577 2919 782 2991 praesidiumque
793 2919 853 2973 fori.

265 3015 398 3068 Maternae
414 3015 504 3069 Cottas
516 3013 559 3066 cui
571 3013 756 3081 morasque
767 3023 893 3081 patema·

300 3105 418 3158 Maxima
429 3103 552 3164 nutritiae
562 3103 726 3174 inanima
738 3102 820 3158 detta

117 3229 216 3327 igitur
232 3261 335 3335 quum
355 3231 458 3307 Cotta
481 3247 576 3332 pater
592 3247 679 3305 esset
702 3229 756 3304 Μ.
777 3229 821 3304 V
814 3231 928 3304 alerias
947 3230 1091 3304 Messala
1109 3230 1190 3306 Car-

117 3349 211 3434 a'eas,
229 3347 463 3426 celeberrimus
475 3347 533 3424 itte
550 3366 682 3434 orator,
701 3347 744 3421 de
757 3347 854 3443 cujus
866 3365 974 3420 morte
988 3375 1088 3451 supra
1101 3347 1190 3421 dixi-

116 3489 183 3538 mus
194 3465 234 3540 ad
247 3494 298 3540 au.
314 3467 357 3540 U.
372 3467 410 3539 C.
427 3479 572 3539 DCCLvtt
582 3495 590 3552 ;
601 3481 798 3538 matervero
811 3462 856 3535 ab
866 3460 1002 3535 Aurelia
1014 3463 1192 3543 Cottarum

145 3663 153 3693 ¹
169 3661 210 3716 De
222 3681 275 3732 quo
287 3681 368 3734 agrae
379 3660 516 3716 Theodor.
528 3660 645 3734 Byth'us
656 3661 726 3714 varie
738 3667 829 3728 errat,
840 3668 895 3711 not
907 3657 939 3712 ad
948 3659 1032 3714 Tacit.
1044 3660 1118 3714 Anu.
1135 3661 1188 3726 ul,

117 3766 165 3816 cap.
178 3771 207 3818 a,
219 3761 284 3807 tom
295 3750 324 3806 11
335 3788 343 3816 ,
356 3767 414 3820 pag.
427 3751 466 3820 57.

144 3841 282 3896 ¹Rutilius
300 3843 327 3895 iu
347 3841 488 3896 Itinerario
510 3841 604 3893 Valasr'
618 3839 718 3894 habet:
737 3861 751 3886 a
771 3839 829 3908 Qui
851 3841 945 3892 Volusi
959 3837 1071 3908 antiquo
1089 3839 1191 3895 derivat

118 3931 244 3980 ammte
257 3942 376 3988 numu,
389 3923 425 3978 Et
437 3941 513 3994 regen
525 3921 655 3988 Rutulos,
669 3933 735 3976 teate
749 3919 883 3988 Marone,
896 3919 987 3974 refert.
1002 3944 1015 3968 n

144 4011 155 4043 ¹
170 4013 249 4084 Quod
261 4025 288 4068 et
299 4015 454 4084 nuperrime
468 4012 499 4066 el.
518 4015 722 4085 Braacbhuysea
739 4010 908 4078 adfirmavit,
928 4023 985 4064 not.
1000 4011 1034 4065 ad
1047 4009 1144 4066 'ributt
1162 4021 1191 4065 et

120 4100 507 4174 padoanuTheod.1tyckiue
522 4110 577 4156 not.
592 4099 625 4152 ad
639 4099 723 4156 Tacit
739 4109 805 4154 tom.
817 4099 863 4164 lt,
883 4117 944 4166 pag.
958 4099 1006 4164 58,
1025 4107 1190 4166 ammata,

120 4185 205 4321 tctki'litet
217 4188 381 4326 {thaliateu
395 4187 479 4242 Persii
492 4185 525 4239 ad
538 4186 593 4240 Sat.
605 4185 651 4254 11,
663 4203 729 4240 vers.
745 4184 982 4254 72,oajaaloca1n
997 4183 1101 4255 protere
1126 4183 1191 4256 Ry-

148 4269 183 4323 'us
193 4272 226 4326 ibi
246 4315 252 4327 .
