3017 5000
337 507 379 570 sa
730 493 1014 564 EXCURSUS

337 639 524 743 splendoris
541 655 704 728 assertor,
723 663 761 708 ac
777 635 886 709 omnis
903 635 1118 709 obscuritatis
1134 633 1339 722 illustrator,
1356 663 1415 709 ac·

337 757 498 835 clamatus
515 775 583 846 est,
601 756 651 829 uti
674 753 800 828 Paulus
816 753 935 826 Jovius
953 753 989 826 in
1007 753 1080 852 ejus
1095 752 1217 849 Elogio
1235 753 1412 854 prodidit:

336 901 404 977 nec
415 874 525 947 miuus
541 899 616 946 vere
633 871 796 946 Hemicus
815 869 1009 971 Stephanus
1023 857 1175 970 Epistola
1195 869 1237 944 ad
1260 868 1414 942 Ludovi-

336 1021 411 1067 cum
431 989 691 1078 Castelvetrum‚
708 1015 780 1089 quae
794 987 926 1089 praelixa
940 1005 991 1062 est
1003 987 1140 1061 editioni
1158 1016 1225 1062 suae
1241 986 1320 1060 libri
1331 987 1411 1060 Jaui

337 1105 504 1182 Parrhasii
522 1104 563 1178 de
574 1104 675 1177 rebus
689 1131 748 1206 per
759 1101 934 1202 epistolam
944 1101 1113 1204 quaesitis,
1141 1136 1160 1168 a
1174 1105 1263 1198 Age,
1279 1099 1411 1203 iuquit,

338 1258 356 1290 s
378 1242 414 1296 tu
432 1221 631 1324 quicumque
650 1217 826 1306 beroaldi,
852 1236 910 1293 aut
926 1219 1069 1292 Domitii
1086 1219 1209 1320 scripta
1223 1246 1293 1292 uon
1309 1217 1414 1291 unius

340 1373 358 1404 u
379 1337 485 1424 assis,
510 1365 577 1439 prae
604 1336 645 1409 iis
672 1363 744 1435 qua
766 1334 868 1407 bodie
884 1335 1050 1421 eduntur,
1073 1334 1263 1409 estimanda
1288 1351 1411 1434 putas,

340 1491 358 1522 s>
378 1455 459 1556 quid
469 1454 539 1526 siue
552 1450 736 1537 beroaldo,
753 1480 791 1524 ac
805 1452 976 1538 Domitio,
988 1450 1129 1551 aliisque
1139 1449 1333 1550 bujusmodi
1343 1477 1414 1522 ma-

339 1568 493 1666 »gistris
517 1568 617 1642 scribi
644 1567 686 1640 ab
710 1595 824 1640 eorum
847 1568 991 1669 posteris
1007 1568 1156 1669 potuisse
1177 1567 1375 1641 arbitraris?
1392 1603 1411 1633 a

335 1689 453 1787 Neque
480 1685 566 1757 enim
595 1668 701 1758 solurir
725 1683 897 1758 Domitius
913 1683 1004 1757 bunc
1021 1683 1136 1758 Ovidii
1152 1680 1324 1772 libellum,
1353 1681 1414 1756 scd

339 1802 439 1877 etiam
454 1799 627 1875 Ciceronis
636 1797 807 1899 Epistulas
818 1854 828 1886 ‚
841 1797 1047 1888 Martialem,
1057 1798 1269 1885 Jerusalem,
1282 1798 1416 1899 Papinii

337 1917 461 2002 Silvas,
479 1915 695 2001 Suetonium,
715 1932 749 1987 et
766 1916 928 2015 quosdam
946 1915 1032 1990 alios
1045 1916 1226 2016 scriptores
1238 1914 1411 1988 enarravit.

336 2033 491 2132 Denique
510 2049 561 2104 tot
577 2049 733 2132 tantaque
744 2031 868 2118 edidit,
886 2031 994 2106 aiebat
1010 2033 1189 2128 Egnatius,
1210 2047 1294 2130 quot
1307 2058 1416 2129 quan-

337 2168 435 2250 taque
453 2150 491 2221 iu
507 2149 571 2222 hoc
589 2177 708 2243 genere
726 2149 768 2220 ad
786 2149 872 2220 hanc
891 2149 978 2222 client
993 2155 1112 2221 nemos
1133 2147 1184 2219 Eo
1200 2146 1322 2220 sactum
1338 2165 1413 2230 est,

335 2283 375 2338 ut
390 2265 524 2340 aoerlias
541 2291 615 2337 cum
631 2261 757 2336 aeutulis
774 2263 958 2338 simultates
972 2264 1173 2350 exercuerit,
1191 2261 1345 2363 aquibus
1358 2261 1415 2364 pi-

336 2381 461 2483 peratis
484 2379 627 2454 literulis
652 2381 847 2478 perstrictus
872 2379 962 2461 fuir,
992 2377 1083 2478 quod
1100 2378 1164 2451 sibi
1190 2395 1415 2478 comparatam

335 2496 566 2571 auctoritatem
592 2495 732 2568 retinere
753 2496 868 2595 quavis
892 2496 1021 2569 ratione
1040 2515 1074 2569 et
1094 2486 1164 2569 arte
1182 2494 1416 2579 contenderem

338 2628 440 2710 atque
464 2610 510 2683 ita
535 2608 659 2683 crudos
683 2609 808 2702 ingenii
833 2610 884 2681 sui
911 2610 1013 2681 sutus
1031 2610 1180 2683 emittere
1197 2627 1332 2683 coactus
1350 2609 1419 2697 sit,

341 2725 465 2826 quibus
481 2723 672 2823 protectior
689 2740 768 2796 retas
783 2722 899 2823 procul
918 2724 1024 2797 dubio
1046 2724 1266 2799 maturitatem
1285 2723 1418 2799 attulis-

340 2856 400 2913 set.
415 2836 553 2936 Quippe
566 2870 582 2903 o
594 2836 800 2911 auctoritatis
809 2855 873 2910 ttm
885 2860 1010 2933 magnae
1019 2838 1102 2924 suit,
1117 2870 1133 2901 a
1146 2838 1256 2939 inquit
1264 2837 1420 2932 Angelus

337 2950 526 3025 Politianus
540 2946 724 3029 Miscellan.
743 2978 815 3049 cap:
830 2950 872 3049 ’9,
891 2981 911 3014 ιτ
926 2968 966 3022 ut
979 2953 1096 3024 Roma
1111 2952 1198 3024 iuter
1209 2950 1418 3051 professores

343 3100 360 3131 ι»
380 3066 508 3166 juvenis
521 3065 629 3141 adhuc
645 3068 786 3165 primam
801 3065 1023 3139 celebritatem
1037 3066 1102 3141 sibi
1116 3066 1344 3153 vindicaverit,
1356 3076 1425 3141 cu-‘

342 3218 360 3247 »
379 3182 434 3281 jus
453 3178 580 3253 tuendae
597 3210 634 3253 ac
647 3180 827 3253 retinendae
836 3182 946 3275 gratia
959 3182 1081 3255 factum
1099 3181 1300 3283 compluries
1316 3202 1418 3285 puta-

341 3334 359 3365 »
381 3324 476 3387 mus,
493 3315 530 3371 ut
553 3298 589 3369 iu
611 3299 680 3371 suis
700 3298 862 3397 operibns
884 3298 1030 3371 frontem
1050 3298 1272 3397 perfricucrit‚
1296 3319 1330 3375 et
1353 3330 1418 3403 per

341 3446 359 3479 u
379 3442 493 3513 aequa,
513 3442 573 3515 per
591 3413 706 3514 iniqua
722 3415 844 3487 famam
863 3432 1016 3514 captans,
1035 3441 1151 3516 parum
1171 3443 1210 3489 er
1232 3415 1297 3490 fide
1321 3446 1419 3519 quae-

343 3561 361 3593 u
382 3527 473 3628 piam
496 3526 665 3615 retulerit;
690 3526 851 3603 nonnulla
875 3528 976 3601 etiam
1001 3526 1086 3602 male
1106 3527 1211 3601 solers
1233 3547 1267 3603 et
1284 3532 1418 3629 prasti-

343 3678 360 3709 »
383 3645 497 3738 giosus
516 3643 658 3744 speciem
675 3644 810 3743 quidem
826 3644 1006 3744 primorem
1019 3644 1086 3717 veri
1101 3645 1276 3733 babentia,
1293 3674 1421 3744 magno·

345 3792 362 3824 a
384 3760 587 3833 credentium
603 3760 779 3860 dispendio
794 3762 967 3835 sententiis
982 3761 1227 3857 ignorabilibus
1244 3761 1421 3863 implicue-

343 3907 362 3941 »
384 3876 446 3963 rit,
461 3894 496 3949 et
506 3874 673 3976 pulverem
684 3932 693 3963 ‚
705 3877 797 3975 quod
807 3878 916 3965 aiunt,
927 3877 1036 3951 oculis
1044 3878 1299 3967 offuderinaut,
1309 3882 1421 3954 sicubi

344 4022 362 4055 a
384 3991 488 4087 major
504 3988 684 4063 difficultas
699 4046 709 4078 ,
728 4018 790 4064 nec
813 3990 998 4079 absistens,
1013 4018 1076 4064 uer
1090 3994 1309 4089 congrediens
1324 4022 1422 4096 spem

342 4140 359 4175 »
381 4105 514 4181 lectoris
532 4105 676 4181 eluserit.
700 4110 767 4195 lta,
786 4109 865 4181 dum
881 4111 1007 4183 nescire
1025 4138 1059 4184 se
1075 4111 1159 4185 nibil
1175 4114 1318 4212 probare
1332 4141 1425 4187 con«

341 4256 359 4289 a
381 4221 505 4311 tendit,
529 4224 626 4303 etiam
646 4223 778 4295 Parthis
792 4222 970 4323 aliquoties
985 4243 1019 4300 et
1042 4226 1260 4302 Cretensibus
1278 4230 1421 4302 menda-
