3017 5000
37 146 40 251 ι

37 636 39 685 l

37 908 39 941 ι

37 988 39 1051 l

37 1356 39 1393 ι

410 442 524 564 ¹unu
548 498 581 562 ι.
608 494 836 564 rmssou.
1108 495 1169 589 157

115 656 147 712 ιι
164 637 309 735 vulgares
335 636 448 713 lerunt
471 610 620 726 codices,
648 665 732 739 quos
757 634 853 737 sequi
874 634 1058 721 malumus,
1081 664 1165 710 vers.

116 753 173 856 597
192 772 227 830 et
240 753 312 855 598
327 783 335 825 ε

264 898 407 954 solemnes
416 901 492 953 ludos
502 898 719 965 circieelebrate,
736 897 872 968 Quirites,

298 990 363 1045 Non
373 991 428 1045 vise
439 1000 479 1045 est
489 988 586 1043 sortem
599 1007 676 1043 seena
688 988 782 1043 decere
793 988 892 1043 Deum.

115 1104 281 1207 exquibus
298 1105 399 1181 simul
415 1105 544 1181 collatis
561 1104 771 1179 manifestum
789 1124 860 1192 est,
877 1103 976 1178 ludos
994 1073 1173 1204 quotannis

114 1220 148 1293 sd
158 1238 194 1294 lv
210 1222 302 1295 Inus
314 1221 433 1295 Mtlts
448 1220 484 1295 in
494 1220 581 1295 eireo
595 1218 779 1295 celebratos
791 1220 907 1293 Rome
917 1218 1038 1307 luisse,
1051 1246 1091 1291 ex
1104 1246 1172 1318 quo

37 1398 39 1441 ι
113 1387 164 1442 sotis
174 1400 213 1443 est
224 1390 351 1444 memisse
364 1395 443 1445 semel
451 1391 610 1461 cognomina
621 1392 706 1443 Marti
715 1389 907 1457 :Persequitur
924 1390 1021 1442 Partha
1034 1396 1109 1457 signa
1126 1408 1176 1441 re-

37 1520 39 1557 ,
113 1483 175 1527 tenta
189 1477 450 1537 wetehulle,
463 1474 548 1528 refers
557 1478 677 1543 aquilas:
693 1473 776 1527 victos
785 1490 891 1541 quoque
905 1472 1016 1542 porrigis
1031 1492 1112 1527 arcus.
1123 1472 1176 1526 Pi-

37 1580 38 1613 ι
113 1574 184 1625 gnon
200 1557 256 1625 iam
272 1558 355 1611 nostri
372 1555 444 1610 nulls
457 1556 565 1625 pudoris
579 1555 672 1623 babes,
687 1555 748 1611 Rite
766 1555 827 1610 Deo
838 1559 1009 1624 templumque
1022 1553 1113 1609 datum
1125 1575 1177 1609 no-

112 1654 216 1705 menque
226 1641 267 1689 bis
277 1641 331 1691 ulto
342 1648 390 1690 ete.
404 1659 418 1683 u
437 1638 508 1705 Qute
525 1637 545 1689 si
559 1637 609 1690 rite
622 1656 683 1691 cum
696 1636 797 1690 eaeteris
813 1636 973 1690 carminibus
987 1636 1175 1703 conferantur,

114 1720 202 1791 liquido
214 1721 332 1793 patebit,
352 1740 520 1791 nequaquam
532 1721 595 1775 bine
607 1720 703 1791 ambigi
715 1740 806 1791 posse,
820 1742 834 1769 s
849 1740 882 1775 an
894 1720 990 1791 duplici
999 1721 1177 1791 cognomento

37 1912 38 1953 ἢ

37 1964 39 2003 l

113 1826 126 1853 s
136 1806 204 1860 biars
215 1806 242 1861 in
255 1805 351 1860 eodem
367 1806 465 1876 templo
472 1806 506 1861 sit
512 1806 613 1871 cultus,
626 1824 659 1858 an
670 1805 725 1859 duo
734 1815 822 1859 esent
833 1804 950 1874 templa,
962 1804 1064 1859 Ultoris
1074 1816 1102 1859 et
1114 1804 1175 1859 Bis-

112 1888 222 1944 sultoris
229 1930 238 1959 ,
248 1912 262 1936 ι
275 1900 305 1943 ut
318 1899 407 1943 censet
417 1888 539 1942 Donatus
555 1888 607 1959 (de
625 1887 689 1941 urbe
706 1888 785 1941 Rom.
798 1888 842 1941 lib.
851 1889 896 1956 ll,
909 1907 964 1959 cap.
975 1909 1005 1940 sn
1014 1890 1044 1954 ),
1061 1906 1176 1957 quocum

37 2008 39 2023 .
112 1974 162 2041 elii,
176 1974 352 2042 Torrentius,
373 1973 503 2041 Nardini,
517 1984 566 2027 etc.
580 1993 612 2027 es
625 1972 746 2027 hocloco
762 1993 791 2027 ae
802 1972 890 2026 Dione
903 1972 963 2040 (lib.
974 1972 1050 2038 LIV,
1065 1992 1090 2043 p.
1104 1972 1176 2040 526)

111 2054 244 2125 eolligunt,
260 2065 357 2125 praeter
367 2055 418 2109 boe
432 2054 560 2124 templum
578 2055 606 2108 in
621 2056 691 2108 Foro
703 2054 826 2124 Augusto
841 2053 924 2107 Marti
936 2054 1026 2108 Ultori
1040 2073 1179 2108 eonsecra—

112 2152 183 2208 tarn,
197 2140 268 2195 aliud
281 2140 361 2195 etiem
379 2140 519 2195 delubrum
539 2140 649 2195 minoris
667 2140 793 2211 impense
812 2140 840 2192 in
861 2138 993 2210 Capitolio
1011 2140 1126 2210 positum
1144 2139 1177 2193 ab

112 2224 233 2293 Augusto.
246 2224 350 2277 Verum
362 2220 475 2277 Ovidius
482 2241 566 2275 unum
575 2224 656 2275 modo
668 2222 812 2293 templum,
823 2222 895 2291 quod
904 2222 986 2277 Marti
997 2221 1086 2275 Ultori
1097 2220 1179 2274 luerit

111 2328 207 2363 suerum
219 2327 251 2362 eo
262 2309 290 2361 in
300 2308 388 2374 Foro,
404 2326 510 2378 quoque
524 2326 649 2378 suspensa
660 2306 761 2361 luerint
772 2307 845 2376 signa
860 2306 981 2359 Romana
992 2324 1007 2361 a
1020 2304 1123 2359 Pertbis
1133 2326 1177 2359 re-

110 2404 191 2462 cepta,
205 2392 334 2462 indigitat.
346 2391 401 2446 Dio
412 2391 537 2461 quidem,
554 2402 583 2445 ut
602 2390 750 2462 vulgaribus
769 2391 828 2459 ejus
844 2389 975 2444 codicibus
993 2390 1123 2456 babetur,
1143 2390 1177 2443 de

37 2478 38 2506 l
109 2474 248 2548 istissignis
262 2476 386 2547 agensad
402 2495 444 2531 an.
458 2476 494 2530 U.
509 2473 541 2528 C.
557 2490 779 2548 uccxxxtv,quo
796 2477 931 2548 Augustus
941 2496 971 2532 eo
984 2477 1101 2546 recepit,
1121 2476 1176 2532 bae
1239 2480 1243 2486 '

111 2559 209 2630 prodit:
220 2583 234 2607 ι
250 2559 344 2631 ltaque
356 2571 383 2614 et
392 2560 517 2615 sacrificia
528 2561 585 2628 ejus
595 2559 634 2613 rei
647 2579 740 2626 eausa,
755 2571 782 2614 et
792 2561 922 2630 templum
935 2561 1030 2614 Mertis
1039 2561 1140 2615 Ultoris
1149 2563 1176 2614 in

110 2665 122 2690 ι
136 2641 281 2716 Capitolio,
297 2644 329 2697 ad
344 2645 519 2698 imitationem
538 2645 611 2698 Jovis
625 2645 753 2711 Feretrii,
771 2649 840 2700 raet
851 2650 878 2701 ri
888 2655 928 2700 τοῦ
939 2650 991 2708 acle
1004 2655 1119 2723 euprepiae
1132 2653 1177 2711 ζέ-

111 2747 123 2772 ι
134 2736 215 2796 ιαμ,
229 2745 283 2796 quo
298 2727 371 2796 signu
382 2745 412 2780 ea
424 2724 547 2779 militaria
556 2724 798 2796 suspenderentur,
818 2726 926 2782 decerni
937 2726 1028 2795 iussit,
1039 2747 1070 2780 ae
1081 2727 1177 2782 deinde

111 2812 249 2882 sperteer't
262 2834 277 2858 a
299 2812 335 2864 At
353 2810 395 2864 bie
411 2811 482 2864 loeus
503 2810 603 2863 mendo
624 2830 679 2864 non
702 2822 788 2878 earet,
812 2811 930 2882 mihique
948 2823 1066 2884 constet,
1080 2813 1177 2880 verba,

110 2893 256 2948 Scribarum
266 2893 342 2963 eulpa
351 2893 419 2946 male
430 2891 585 2958 deturbata,
599 2894 636 2946 sie
649 2913 702 2946 esse
713 2892 875 2947 restituenda
888 2915 919 2947 :s
932 2893 1075 2963 Templum
1084 2895 1178 2950 Martis

111 2999 124 3026 ι
134 2978 249 3046 Ultoris,
262 2977 387 3030 adinstar
398 2975 464 3030 illius
479 2975 553 3029 Jovis
570 2976 683 3030 Feretrii
701 2977 729 3029 in
748 2975 895 3046 Capitolio,
914 2995 984 3046 quo,
1003 2991 1053 3032 ete.
1070 2978 1177 3034 decerni

110 3082 123 3108 ι
133 3063 220 3132 jussit,
233 3073 283 3116 ete.
297 3084 311 3108 ι·
327 3059 407 3116 Ratio
423 3071 479 3127 est,
493 3060 563 3129 quod
576 3057 707 3128 Ovidius,
727 3059 923 3130 Suetoniusque
936 3061 969 3114 ud
983 3063 1070 3116 solum
1083 3063 1178 3117 Martis

110 3146 233 3216 templum
244 3146 274 3198 in
287 3145 356 3197 Foro
372 3144 491 3213 Augusto
502 3153 682 3196 constructum
695 3144 834 3208 restraint,
854 3163 912 3213 quse
932 3143 1026 3199 Dionis
1044 3156 1128 3200 textus
1144 3145 1177 3198 ad

111 3227 173 3282 alind
189 3230 217 3282 in
233 3225 367 3296 Capitolio
378 3227 551 3280 constitutum
564 3209 650 3278 trehit.
661 3224 720 3279 Atta
731 3227 897 3294 preterimus
909 3238 1079 3298 argumenta,
1094 3247 1177 3298 quum

111 3313 203 3368 idsatis
213 3313 264 3370 boe
275 3311 333 3366 loeo
348 3313 388 3366 sit
405 3310 537 3365 Addimus
547 3309 627 3364 modo
637 3352 644 3379 ,
663 3311 685 3364 si
696 3311 809 3366 Nasonis
818 3330 907 3366 versus
917 3323 1052 3381 postremo
1061 3314 1177 3384 prolatus

112 3417 165 3453 euna
186 3399 229 3455 Cl.
249 3398 308 3454 Nic.
328 3395 441 3450 Heinsio
458 3415 489 3449 ex
506 3395 563 3450 cod.
585 3393 659 3448 MSS
673 3395 790 3467 legatur,
807 3397 911 3453 nullum
928 3398 1011 3452 Marti
1026 3419 1176 3470 cognomen

113 3483 242 3536 Bs'srlton's
253 3502 310 3535 esse
321 3479 429 3544 datum
445 3480 491 3534 sed
503 3491 608 3550 poetam
621 3477 719 3533 ibidem
728 3490 832 3532 tantum
840 3479 934 3533 docere
945 3521 952 3548 ,
969 3484 1065 3536 Ultoris
1075 3502 1177 3554 eogno-

112 3583 167 3620 tuen
180 3566 244 3620 buis:
258 3565 319 3620 Deo
332 3564 462 3618 tributum
474 3563 553 3617 luisse
565 3583 572 3626 ;
586 3562 657 3632 quod
673 3564 754 3617 semel
769 3564 860 3635 bisque
872 3564 904 3618 sit
913 3585 954 3618 res
963 3585 1085 3621 romanas
1099 3570 1177 3624 ultus.

113 3647 161 3705 liet
170 3649 284 3721 proinde
299 3647 369 3702 aliud
383 3647 556 3718 querendum
570 3658 608 3702 est
620 3647 765 3717 templum,
781 3647 852 3716 quod
866 3649 960 3702 Martis
971 3641 1112 3706 Bisultorri
1127 3673 1177 3707 ro·

111 3743 191 3786 catum
200 3731 290 3785 suerit.
306 3729 363 3784 Nee
374 3729 454 3783 etiam
466 3749 497 3782 ex
513 3726 609 3798 duplici
622 3728 721 3800 templo
733 3729 846 3799 petenda
855 3749 915 3784 eum
928 3730 1073 3785 Torrentio
1083 3753 1176 3802 eausa,

111 3830 208 3866 eureos
215 3817 305 3866 eadem
317 3817 344 3865 r'a
355 3815 462 3864 nummis
473 3814 587 3864 omnibus
595 3811 689 3862 Martis
699 3809 873 3877 temple'fhrma
883 3817 999 3867 cernitur.
1012 3813 1045 3867 ln
1054 3816 1178 3870 omnibus

113 3899 177 3950 enim
201 3898 320 3952 ΜΑιτιε
345 3895 474 3950 Untottts
498 3894 587 3948 titulus
612 3895 724 3963 legitur;
741 3907 819 3965 atque
840 3917 924 3967 queam
939 3901 965 3952 in
985 3903 1120 3958 nonnullis
1134 3925 1177 3958 sex

112 3983 233 4035 columna
249 4000 312 4035 eum
328 3981 409 4050 signis
421 3979 576 4034 militaribus
591 3989 753 4045 cernantur,
772 3980 800 4032 in
815 3981 871 4036 aliis
886 4003 950 4037 vero
967 3995 1081 4053 quatuor
1092 3989 1178 4042 solum

113 4065 234 4120 columne
248 4083 311 4121 eum
322 4065 380 4134 ipso
395 4062 485 4118 Marte
498 4063 571 4132 signa
589 4071 713 4131 gerentep
729 4063 785 4118 hee
794 4067 904 4122 varietas
917 4067 949 4120 ad
964 4069 1046 4124 varim
1058 4071 1177 4141 ejusdem
1214 4119 1218 4124 .

115 4150 196 4220 templi
213 4151 291 4208 iacies
304 4149 402 4205 referri
414 4159 508 4218 potest.
528 4147 597 4202 Vide
611 4147 757 4217 Nostrum,
776 4150 844 4204 Fast.
855 4149 898 4206 lib.
913 4153 949 4219 V,
962 4171 1028 4208 vers.
1043 4154 1177 4216 sor-sum

116 4229 186 4288 Teisa
194 4233 235 4290 lib.
246 4233 290 4300 ll,
305 4250 374 4285 vers.
387 4235 443 4303 295.
