<?xml version="1.0" encoding="UTF-8"?>
<!DOCTYPE html PUBLIC "-//W3C//DTD XHTML 1.0 Transitional//EN"
    "http://www.w3.org/TR/xhtml1/DTD/xhtml1-transitional.dtd">
<html xmlns="http://www.w3.org/1999/xhtml" xml:lang="en" lang="en">
 <head>
  <title>
</title>
<meta http-equiv="Content-Type" content="text/html;charset=utf-8" />
  <meta name='ocr-system' content='tesseract 3.04.00' />
  <meta name='ocr-capabilities' content='ocr_page ocr_carea ocr_par ocr_line ocrx_word'/>
</head>
<body>
  <div class='ocr_page' id='page_1' title='image "./publiiovidiinas01unkngoog_0222.png"; bbox 0 0 3017 5000; ppageno 0'>
   <div class='ocr_carea' id='block_1_1' title="bbox 341 475 1170 547">
    <p class='ocr_par' dir='ltr' id='par_1_1' title="bbox 341 475 1170 547">
     <span class='ocr_line' id='line_1_1' title="bbox 341 475 1170 547; baseline 0.006 -5"><span class='ocrx_word' id='word_1_1' title='bbox 341 482 346 491; x_wconf 84' lang='grc'><em>“</em></span> <span class='ocrx_word' id='word_1_2' title='bbox 425 476 522 543; x_wconf 81' lang='lat' dir='ltr'><strong>PER</strong></span> <span class='ocrx_word' id='word_1_3' title='bbox 548 479 580 544; x_wconf 87' lang='lat' dir='ltr'><strong>J.</strong></span> <span class='ocrx_word' id='word_1_4' title='bbox 608 475 839 547; x_wconf 84' lang='lat' dir='ltr'><strong>MAssoN.</strong></span> <span class='ocrx_word' id='word_1_5' title='bbox 1107 504 1170 547; x_wconf 85' lang='lat'><strong>211</strong></span> 
     </span>
    </p>
   </div>
   <div class='ocr_carea' id='block_1_2' title="bbox 120 618 1178 827">
    <p class='ocr_par' dir='ltr' id='par_1_2' title="bbox 120 618 1178 827">
     <span class='ocr_line' id='line_1_2' title="bbox 145 618 1178 721; baseline 0.002 -26"><span class='ocrx_word' id='word_1_6' title='bbox 145 620 180 695; x_wconf 84' lang='lat' dir='ltr'><strong>El</strong></span> <span class='ocrx_word' id='word_1_7' title='bbox 195 619 263 716; x_wconf 80' lang='lat' dir='ltr'><strong>egio</strong></span> <span class='ocrx_word' id='word_1_8' title='bbox 277 646 382 721; x_wconf 86' lang='lat' dir='ltr'><strong>porro</strong></span> <span class='ocrx_word' id='word_1_9' title='bbox 397 618 547 719; x_wconf 77' lang='lat' dir='ltr'><strong>proxime</strong></span> <span class='ocrx_word' id='word_1_10' title='bbox 560 641 703 719; x_wconf 81' lang='lat' dir='ltr'><strong>sequens</strong></span> <span class='ocrx_word' id='word_1_11' title='bbox 721 638 806 709; x_wconf 80' lang='lat' dir='ltr'><strong>xttl,</strong></span> <span class='ocrx_word' id='word_1_12' title='bbox 821 620 967 695; x_wconf 81' lang='lat' dir='ltr'>Nasonis</span> <span class='ocrx_word' id='word_1_13' title='bbox 979 621 1080 695; x_wconf 80' lang='lat' dir='ltr'><strong>natali</strong></span> <span class='ocrx_word' id='word_1_14' title='bbox 1085 682 1094 709; x_wconf 92' lang='lat'><strong>,</strong></span> <span class='ocrx_word' id='word_1_15' title='bbox 1111 622 1178 697; x_wconf 87' lang='lat' dir='ltr'><strong>boc</strong></span> 
     </span>
     <span class='ocr_line' id='line_1_3' title="bbox 120 734 685 827; baseline -0.007 -14"><span class='ocrx_word' id='word_1_16' title='bbox 120 756 172 827; x_wconf 81' lang='lat' dir='ltr'><strong>est,</strong></span> <span class='ocrx_word' id='word_1_17' title='bbox 188 758 232 813; x_wconf 78' lang='lat' dir='ltr'><strong>xx</strong></span> <span class='ocrx_word' id='word_1_18' title='bbox 245 734 361 811; x_wconf 81' lang='lat' dir='ltr'><strong>lllartii</strong></span> <span class='ocrx_word' id='word_1_19' title='bbox 376 734 449 819; x_wconf 78' lang='lat' dir='ltr'><strong>die,</strong></span> <span class='ocrx_word' id='word_1_20' title='bbox 465 751 593 809; x_wconf 87' lang='lat' dir='ltr'><strong>cantata</strong></span> <span class='ocrx_word' id='word_1_21' title='bbox 611 754 685 810; x_wconf 90' lang='lat' dir='ltr'><strong>est:</strong></span> 
     </span>
    </p>
   </div>
   <div class='ocr_carea' id='block_1_3' title="bbox 207 898 970 1245">
    <p class='ocr_par' dir='ltr' id='par_1_3' title="bbox 207 898 970 1245">
     <span class='ocr_line' id='line_1_4' title="bbox 267 898 949 974; baseline 0.001 -18"><span class='ocrx_word' id='word_1_22' title='bbox 267 899 335 957; x_wconf 81' lang='lat' dir='ltr'><strong>Ecce</strong></span> <span class='ocrx_word' id='word_1_23' title='bbox 348 920 541 972; x_wconf 80' lang='lat' dir='ltr'><strong>supervacuus,</strong></span> <span class='ocrx_word' id='word_1_24' title='bbox 556 898 620 969; x_wconf 82' lang='lat' dir='ltr'><strong>quid</strong></span> <span class='ocrx_word' id='word_1_25' title='bbox 632 900 706 953; x_wconf 86' lang='lat' dir='ltr'><strong>enirn</strong></span> <span class='ocrx_word' id='word_1_26' title='bbox 718 898 771 954; x_wconf 82' lang='lat' dir='ltr'><strong>luit</strong></span> <span class='ocrx_word' id='word_1_27' title='bbox 781 900 845 956; x_wconf 82' lang='lat' dir='ltr'><strong>utile</strong></span> <span class='ocrx_word' id='word_1_28' title='bbox 857 900 949 974; x_wconf 77' lang='lat' dir='ltr'><strong>gigni?</strong></span> 
     </span>
     <span class='ocr_line' id='line_1_5' title="bbox 304 992 863 1062; baseline -0.002 -15"><span class='ocrx_word' id='word_1_29' title='bbox 304 992 347 1047; x_wconf 79' lang='lat' dir='ltr'><strong>Ad</strong></span> <span class='ocrx_word' id='word_1_30' title='bbox 360 1012 406 1047; x_wconf 80' lang='lat' dir='ltr'><strong>sua</strong></span> <span class='ocrx_word' id='word_1_31' title='bbox 418 1006 536 1047; x_wconf 73' lang='lat' dir='ltr'><strong>temtus</strong></span> <span class='ocrx_word' id='word_1_32' title='bbox 546 1003 667 1062; x_wconf 83' lang='lat' dir='ltr'><strong>tempora</strong></span> <span class='ocrx_word' id='word_1_33' title='bbox 679 1003 771 1048; x_wconf 79' lang='lat' dir='ltr'><strong>noster</strong></span> <span class='ocrx_word' id='word_1_34' title='bbox 782 992 863 1048; x_wconf 82' lang='lat' dir='ltr'><strong>adest.</strong></span> 
     </span>
     <span class='ocr_line' id='line_1_6' title="bbox 207 1072 970 1153; baseline 0.003 -14"><span class='ocrx_word' id='word_1_35' title='bbox 207 1072 208 1077; x_wconf 9' lang='grc' dir='ltr'><strong>Ἰ</strong></span> <span class='ocrx_word' id='word_1_36' title='bbox 271 1082 365 1151; x_wconf 81' lang='lat' dir='ltr'><strong>Dure,</strong></span> <span class='ocrx_word' id='word_1_37' title='bbox 378 1082 443 1153; x_wconf 82' lang='lat' dir='ltr'><strong>quid</strong></span> <span class='ocrx_word' id='word_1_38' title='bbox 456 1082 488 1137; x_wconf 84' lang='lat' dir='ltr'><strong>ad</strong></span> <span class='ocrx_word' id='word_1_39' title='bbox 504 1078 748 1139; x_wconf 74' lang='lat' dir='ltr'><strong>miseros&#39;reniebas</strong></span> <span class='ocrx_word' id='word_1_40' title='bbox 758 1085 852 1140; x_wconf 76' lang='lat' dir='ltr'><strong>emulis</strong></span> <span class='ocrx_word' id='word_1_41' title='bbox 864 1088 970 1141; x_wconf 79' lang='lat' dir='ltr'><strong>annos?</strong></span> 
     </span>
     <span class='ocr_line' id='line_1_7' title="bbox 304 1174 875 1245; baseline 0 -16"><span class='ocrx_word' id='word_1_42' title='bbox 304 1174 443 1229; x_wconf 76' lang='lat' dir='ltr'>Debueras</span> <span class='ocrx_word' id='word_1_43' title='bbox 454 1174 504 1228; x_wconf 84' lang='lat' dir='ltr'><strong>illis</strong></span> <span class='ocrx_word' id='word_1_44' title='bbox 516 1174 669 1245; x_wconf 75' lang='lat' dir='ltr'><strong>imposuisse</strong></span> <span class='ocrx_word' id='word_1_45' title='bbox 681 1174 812 1244; x_wconf 83' lang='lat' dir='ltr'><strong>modum,</strong></span> <span class='ocrx_word' id='word_1_46' title='bbox 824 1187 875 1232; x_wconf 84' lang='lat' dir='ltr'><strong>etc.</strong></span> 
     </span>
    </p>
   </div>
   <div class='ocr_carea' id='block_1_4' title="bbox 120 1308 1190 1876">
    <p class='ocr_par' dir='ltr' id='par_1_4' title="bbox 120 1308 1190 1876">
     <span class='ocr_line' id='line_1_8' title="bbox 121 1308 1185 1413; baseline -0.002 -26"><span class='ocrx_word' id='word_1_47' title='bbox 121 1340 152 1387; x_wconf 84' lang='lat' dir='ltr'><strong>ex</strong></span> <span class='ocrx_word' id='word_1_48' title='bbox 166 1311 306 1413; x_wconf 87' lang='lat' dir='ltr'><strong>quibus,</strong></span> <span class='ocrx_word' id='word_1_49' title='bbox 323 1310 374 1383; x_wconf 88' lang='lat' dir='ltr'><strong>uti</strong></span> <span class='ocrx_word' id='word_1_50' title='bbox 388 1327 422 1384; x_wconf 83' lang='lat' dir='ltr'><strong>et</strong></span> <span class='ocrx_word' id='word_1_51' title='bbox 436 1308 675 1410; x_wconf 76' lang='lat' dir='ltr'><strong>sequentibus,</strong></span> <span class='ocrx_word' id='word_1_52' title='bbox 695 1308 794 1383; x_wconf 89' lang='lat' dir='ltr'><strong>simul</strong></span> <span class='ocrx_word' id='word_1_53' title='bbox 805 1326 912 1410; x_wconf 83' lang='lat' dir='ltr'><strong>patet,</strong></span> <span class='ocrx_word' id='word_1_54' title='bbox 926 1308 1017 1384; x_wconf 86' lang='lat' dir='ltr'><strong>hunc</strong></span> <span class='ocrx_word' id='word_1_55' title='bbox 1034 1336 1104 1385; x_wconf 86' lang='lat' dir='ltr'><strong>esse</strong></span> <span class='ocrx_word' id='word_1_56' title='bbox 1116 1313 1185 1413; x_wconf 89' lang='lat' dir='ltr'><strong>pri·</strong></span> 
     </span>
     <span class='ocr_line' id='line_1_9' title="bbox 120 1426 1161 1531; baseline -0.002 -26"><span class='ocrx_word' id='word_1_57' title='bbox 120 1458 197 1505; x_wconf 89' lang='lat' dir='ltr'><strong>num</strong></span> <span class='ocrx_word' id='word_1_58' title='bbox 210 1430 363 1515; x_wconf 64' lang='lat' dir='ltr'><strong>numm,</strong></span> <span class='ocrx_word' id='word_1_59' title='bbox 383 1456 481 1531; x_wconf 81' lang='lat' dir='ltr'><strong>quem</strong></span> <span class='ocrx_word' id='word_1_60' title='bbox 499 1428 643 1503; x_wconf 85' lang='lat' dir='ltr'><strong>Ovidius</strong></span> <span class='ocrx_word' id='word_1_61' title='bbox 659 1427 697 1501; x_wconf 84' lang='lat' dir='ltr'><strong>iu</strong></span> <span class='ocrx_word' id='word_1_62' title='bbox 711 1426 820 1502; x_wconf 83' lang='lat' dir='ltr'><strong>exsilii</strong></span> <span class='ocrx_word' id='word_1_63' title='bbox 836 1426 912 1501; x_wconf 87' lang='lat' dir='ltr'><strong>loco</strong></span> <span class='ocrx_word' id='word_1_64' title='bbox 938 1427 1161 1504; x_wconf 81' lang='lat' dir='ltr'><strong>celebraverit.</strong></span> 
     </span>
     <span class='ocr_line' id='line_1_10' title="bbox 161 1544 1188 1642; baseline 0.001 -21"><span class='ocrx_word' id='word_1_65' title='bbox 161 1546 290 1623; x_wconf 79' lang='lat' dir='ltr'><strong>silenda</strong></span> <span class='ocrx_word' id='word_1_66' title='bbox 307 1574 386 1621; x_wconf 78' lang='lat' dir='ltr'><strong>vern</strong></span> <span class='ocrx_word' id='word_1_67' title='bbox 401 1545 456 1620; x_wconf 89' lang='lat' dir='ltr'><strong>bic</strong></span> <span class='ocrx_word' id='word_1_68' title='bbox 473 1573 540 1619; x_wconf 90' lang='lat' dir='ltr'><strong>non</strong></span> <span class='ocrx_word' id='word_1_69' title='bbox 558 1562 608 1619; x_wconf 86' lang='lat' dir='ltr'><strong>est</strong></span> <span class='ocrx_word' id='word_1_70' title='bbox 624 1544 771 1631; x_wconf 82' lang='lat' dir='ltr'><strong>Pen&#39;llo,</strong></span> <span class='ocrx_word' id='word_1_71' title='bbox 793 1545 846 1619; x_wconf 90' lang='lat' dir='ltr'><strong>cui</strong></span> <span class='ocrx_word' id='word_1_72' title='bbox 860 1544 977 1642; x_wconf 81' lang='lat' dir='ltr'><strong>Elegia</strong></span> <span class='ocrx_word' id='word_1_73' title='bbox 994 1565 1049 1620; x_wconf 82' lang='lat' dir='ltr'><strong>vll</strong></span> <span class='ocrx_word' id='word_1_74' title='bbox 1066 1546 1188 1622; x_wconf 87' lang='lat' dir='ltr'><strong>inscri-</strong></span> 
     </span>
     <span class='ocr_line' id='line_1_11' title="bbox 121 1658 1190 1763; baseline 0.001 -29"><span class='ocrx_word' id='word_1_75' title='bbox 121 1662 211 1737; x_wconf 81' lang='lat' dir='ltr'>bitur.</span> <span class='ocrx_word' id='word_1_76' title='bbox 237 1665 321 1737; x_wconf 80' lang='lat' dir='ltr'><strong>Eam</strong></span> <span class='ocrx_word' id='word_1_77' title='bbox 347 1658 504 1738; x_wconf 84' lang='lat' dir='ltr'><strong>nonnulli</strong></span> <span class='ocrx_word' id='word_1_78' title='bbox 530 1676 695 1761; x_wconf 86' lang='lat' dir='ltr'><strong>putarunt</strong></span> <span class='ocrx_word' id='word_1_79' title='bbox 721 1658 835 1733; x_wconf 77' lang='lat' dir='ltr'><strong>Ovidii</strong></span> <span class='ocrx_word' id='word_1_80' title='bbox 846 1660 955 1761; x_wconf 77' lang='lat' dir='ltr'><strong>filium</strong></span> <span class='ocrx_word' id='word_1_81' title='bbox 978 1688 1070 1750; x_wconf 83' lang='lat' dir='ltr'><strong>esse,</strong></span> <span class='ocrx_word' id='word_1_82' title='bbox 1097 1660 1190 1763; x_wconf 88' lang='lat' dir='ltr'><strong>quod</strong></span> 
     </span>
     <span class='ocr_line' id='line_1_12' title="bbox 121 1772 1131 1876; baseline 0.004 -31"><span class='ocrx_word' id='word_1_83' title='bbox 121 1805 191 1851; x_wconf 82' lang='lat' dir='ltr'><strong>vers.</strong></span> <span class='ocrx_word' id='word_1_84' title='bbox 215 1776 258 1849; x_wconf 89' lang='lat'><strong>18</strong></span> <span class='ocrx_word' id='word_1_85' title='bbox 273 1775 309 1849; x_wconf 92' lang='lat' dir='ltr'><strong>in</strong></span> <span class='ocrx_word' id='word_1_86' title='bbox 325 1772 521 1871; x_wconf 83' lang='lat' dir='ltr'>vulgaribus</span> <span class='ocrx_word' id='word_1_87' title='bbox 537 1772 743 1848; x_wconf 87' lang='lat' dir='ltr'><strong>editionibus</strong></span> <span class='ocrx_word' id='word_1_88' title='bbox 760 1791 860 1876; x_wconf 84' lang='lat' dir='ltr'><strong>poeta</strong></span> <span class='ocrx_word' id='word_1_89' title='bbox 876 1773 917 1847; x_wconf 87' lang='lat' dir='ltr'><strong>de</strong></span> <span class='ocrx_word' id='word_1_90' title='bbox 933 1804 968 1850; x_wconf 87' lang='lat' dir='ltr'><strong>se</strong></span> <span class='ocrx_word' id='word_1_91' title='bbox 985 1775 1131 1851; x_wconf 85' lang='lat' dir='ltr'><strong>scribat:</strong></span> 
     </span>
    </p>
   </div>
   <div class='ocr_carea' id='block_1_5' title="bbox 274 1930 884 2011">
    <p class='ocr_par' dir='ltr' id='par_1_5' title="bbox 274 1930 884 2011">
     <span class='ocr_line' id='line_1_13' title="bbox 274 1930 884 2011; baseline -0.011 -15"><span class='ocrx_word' id='word_1_92' title='bbox 274 1940 367 2011; x_wconf 78' lang='lat' dir='ltr'><strong>thue</strong></span> <span class='ocrx_word' id='word_1_93' title='bbox 378 1930 454 2008; x_wconf 77' lang='lat' dir='ltr'><strong>patei</strong></span> <span class='ocrx_word' id='word_1_94' title='bbox 466 1946 550 2006; x_wconf 73' lang='lat' dir='ltr'><strong>natu,</strong></span> <span class='ocrx_word' id='word_1_95' title='bbox 565 1936 670 2007; x_wconf 85' lang='lat' dir='ltr'><strong>duxque</strong></span> <span class='ocrx_word' id='word_1_96' title='bbox 681 1954 822 2007; x_wconf 82' lang='lat' dir='ltr'><strong>comesque</strong></span> <span class='ocrx_word' id='word_1_97' title='bbox 836 1935 884 1989; x_wconf 73' lang='lat' dir='ltr'><strong>tui,</strong></span> 
     </span>
    </p>
   </div>
   <div class='ocr_carea' id='block_1_6' title="bbox 122 2068 1197 4160">
    <p class='ocr_par' dir='ltr' id='par_1_6' title="bbox 122 2068 1197 3702">
     <span class='ocr_line' id='line_1_14' title="bbox 124 2068 1194 2179; baseline 0.002 -26"><span class='ocrx_word' id='word_1_98' title='bbox 124 2078 348 2155; x_wconf 81' lang='lat' dir='ltr'><strong>Atlicetbanc</strong></span> <span class='ocrx_word' id='word_1_99' title='bbox 362 2075 581 2179; x_wconf 86' lang='lat' dir='ltr'><strong>probaremus</strong></span> <span class='ocrx_word' id='word_1_100' title='bbox 593 2068 790 2161; x_wconf 84' lang='lat' dir='ltr'><strong>lectionem,</strong></span> <span class='ocrx_word' id='word_1_101' title='bbox 809 2101 984 2175; x_wconf 90' lang='lat' dir='ltr'><strong>possemus</strong></span> <span class='ocrx_word' id='word_1_102' title='bbox 996 2094 1194 2155; x_wconf 81' lang='lat' dir='ltr'><strong>tamencum</strong></span> 
     </span>
     <span class='ocr_line' id='line_1_15' title="bbox 123 2186 1194 2290; baseline -0.006 -20"><span class='ocrx_word' id='word_1_103' title='bbox 123 2196 196 2270; x_wconf 87' lang='lat' dir='ltr'><strong>Tan.</strong></span> <span class='ocrx_word' id='word_1_104' title='bbox 210 2191 323 2268; x_wconf 85' lang='lat' dir='ltr'><strong>Fabro</strong></span> <span class='ocrx_word' id='word_1_105' title='bbox 338 2201 346 2231; x_wconf 89' lang='lat'><em>¹</em></span> <span class='ocrx_word' id='word_1_106' title='bbox 361 2190 409 2265; x_wconf 89' lang='lat' dir='ltr'><strong>sic</strong></span> <span class='ocrx_word' id='word_1_107' title='bbox 422 2190 585 2265; x_wconf 85' lang='lat' dir='ltr'><strong>Nostrum</strong></span> <span class='ocrx_word' id='word_1_108' title='bbox 596 2186 822 2290; x_wconf 85' lang='lat' dir='ltr'><strong>interpretari,</strong></span> <span class='ocrx_word' id='word_1_109' title='bbox 842 2205 881 2261; x_wconf 89' lang='lat' dir='ltr'><strong>ut</strong></span> <span class='ocrx_word' id='word_1_110' title='bbox 895 2187 960 2262; x_wconf 88' lang='lat' dir='ltr'><strong>boc</strong></span> <span class='ocrx_word' id='word_1_111' title='bbox 972 2190 1073 2264; x_wconf 90' lang='lat' dir='ltr'><strong>modo</strong></span> <span class='ocrx_word' id='word_1_112' title='bbox 1087 2192 1194 2289; x_wconf 82' lang='lat' dir='ltr'><strong>signi-</strong></span> 
     </span>
     <span class='ocr_line' id='line_1_16' title="bbox 123 2302 1195 2408; baseline -0.001 -24"><span class='ocrx_word' id='word_1_113' title='bbox 123 2310 205 2399; x_wconf 80' lang='lat' dir='ltr'><strong>ficet,</strong></span> <span class='ocrx_word' id='word_1_114' title='bbox 225 2338 262 2384; x_wconf 89' lang='lat' dir='ltr'><strong>se</strong></span> <span class='ocrx_word' id='word_1_115' title='bbox 279 2306 437 2382; x_wconf 88' lang='lat' dir='ltr'><strong>nimirum</strong></span> <span class='ocrx_word' id='word_1_116' title='bbox 453 2302 583 2381; x_wconf 78' lang='lat' dir='ltr'><strong>Perillae</strong></span> <span class='ocrx_word' id='word_1_117' title='bbox 600 2304 711 2381; x_wconf 85' lang='lat' dir='ltr'><strong>studia</strong></span> <span class='ocrx_word' id='word_1_118' title='bbox 728 2304 790 2399; x_wconf 87' lang='lat' dir='ltr'><strong>(de</strong></span> <span class='ocrx_word' id='word_1_119' title='bbox 810 2303 934 2406; x_wconf 89' lang='lat' dir='ltr'><strong>quibus</strong></span> <span class='ocrx_word' id='word_1_120' title='bbox 951 2307 1129 2408; x_wconf 85' lang='lat' dir='ltr'><strong>superius)</strong></span> <span class='ocrx_word' id='word_1_121' title='bbox 1142 2310 1195 2383; x_wconf 83' lang='lat' dir='ltr'><strong>lo·</strong></span> 
     </span>
     <span class='ocr_line' id='line_1_17' title="bbox 123 2421 1194 2559; baseline 0.003 -55"><span class='ocrx_word' id='word_1_122' title='bbox 123 2430 215 2518; x_wconf 78' lang='lat' dir='ltr'><strong>visse;</strong></span> <span class='ocrx_word' id='word_1_123' title='bbox 241 2457 277 2505; x_wconf 87' lang='lat' dir='ltr'><strong>se</strong></span> <span class='ocrx_word' id='word_1_124' title='bbox 294 2423 345 2500; x_wconf 90' lang='lat' dir='ltr'><strong>illi</strong></span> <span class='ocrx_word' id='word_1_125' title='bbox 361 2423 496 2512; x_wconf 87' lang='lat' dir='ltr'><strong>itidem,</strong></span> <span class='ocrx_word' id='word_1_126' title='bbox 516 2441 556 2497; x_wconf 83' lang='lat' dir='ltr'><strong>ut</strong></span> <span class='ocrx_word' id='word_1_127' title='bbox 571 2442 742 2559; x_wconf 80' lang='lat' dir='ltr'><strong>patres</strong></span> <span class='ocrx_word' id='word_1_128' title='bbox 701 2421 829 2512; x_wconf 84' lang='lat' dir='ltr'><strong>solent,</strong></span> <span class='ocrx_word' id='word_1_129' title='bbox 849 2421 966 2500; x_wconf 87' lang='lat' dir='ltr'><strong>ducem</strong></span> <span class='ocrx_word' id='word_1_130' title='bbox 984 2444 1019 2502; x_wconf 90' lang='lat' dir='ltr'><strong>et</strong></span> <span class='ocrx_word' id='word_1_131' title='bbox 1036 2428 1194 2508; x_wconf 87' lang='lat' dir='ltr'><strong>comitem</strong></span> 
     </span>
     <span class='ocr_line' id='line_1_18' title="bbox 123 2514 1193 2649; baseline 0.002 -29"><span class='ocrx_word' id='word_1_132' title='bbox 123 2545 159 2620; x_wconf 84' lang='lat' dir='ltr'><strong>ad</strong></span> <span class='ocrx_word' id='word_1_133' title='bbox 173 2545 328 2649; x_wconf 81' lang='lat' dir='ltr'><strong>praeclara</strong></span> <span class='ocrx_word' id='word_1_134' title='bbox 344 2541 502 2617; x_wconf 82' lang='lat' dir='ltr'><strong>studia&#39;</strong></span> <span class='ocrx_word' id='word_1_135' title='bbox 468 2528 588 2617; x_wconf 73' lang='lat' dir='ltr'><strong>nitenti</strong></span> <span class='ocrx_word' id='word_1_136' title='bbox 578 2541 718 2616; x_wconf 86' lang='lat' dir='ltr'><strong>luisse.</strong></span> <span class='ocrx_word' id='word_1_137' title='bbox 736 2514 867 2615; x_wconf 73' lang='lat' dir='ltr'><strong>&#39;Deinde</strong></span> <span class='ocrx_word' id='word_1_138' title='bbox 877 2561 1005 2617; x_wconf 77' lang='lat' dir='ltr'><strong>vomant</strong></span> <span class='ocrx_word' id='word_1_139' title='bbox 1013 2544 1193 2622; x_wconf 79' lang='lat' dir='ltr'><strong>admodum</strong></span> 
     </span>
     <span class='ocr_line' id='line_1_19' title="bbox 122 2661 1194 2774; baseline 0.001 -34"><span class='ocrx_word' id='word_1_140' title='bbox 122 2667 188 2740; x_wconf 85' lang='lat' dir='ltr'><strong>cod.</strong></span> <span class='ocrx_word' id='word_1_141' title='bbox 197 2663 304 2753; x_wconf 85' lang='lat' dir='ltr'><strong>MSS,</strong></span> <span class='ocrx_word' id='word_1_142' title='bbox 317 2681 350 2737; x_wconf 86' lang='lat' dir='ltr'><strong>et</strong></span> <span class='ocrx_word' id='word_1_143' title='bbox 359 2661 433 2736; x_wconf 89' lang='lat' dir='ltr'><strong>loco</strong></span> <span class='ocrx_word' id='word_1_144' title='bbox 441 2677 535 2762; x_wconf 81' lang='lat' dir='ltr'><strong>paler</strong></span> <span class='ocrx_word' id='word_1_145' title='bbox 545 2676 644 2748; x_wconf 73' lang='lat' dir='ltr'><strong>natu</strong></span> <span class='ocrx_word' id='word_1_146' title='bbox 663 2679 809 2774; x_wconf 88' lang='lat' dir='ltr'><strong>quatuor</strong></span> <span class='ocrx_word' id='word_1_147' title='bbox 821 2661 949 2736; x_wconf 88' lang='lat' dir='ltr'><strong>babent</strong></span> <span class='ocrx_word' id='word_1_148' title='bbox 954 2679 1072 2763; x_wconf 79' lang='lat' dir='ltr'><strong>pater</strong></span> <span class='ocrx_word' id='word_1_149' title='bbox 1083 2693 1194 2754; x_wconf 76' lang='lat' dir='ltr'><strong>omo</strong></span> 
     </span>
     <span class='ocr_line' id='line_1_20' title="bbox 124 2761 1193 2894; baseline 0.001 -35"><span class='ocrx_word' id='word_1_150' title='bbox 124 2783 270 2873; x_wconf 82' lang='lat' dir='ltr'><strong>totidem,</strong></span> <span class='ocrx_word' id='word_1_151' title='bbox 289 2795 486 2894; x_wconf 66' lang='lat' dir='ltr'><strong>atquepater</strong></span> <span class='ocrx_word' id='word_1_152' title='bbox 507 2775 702 2866; x_wconf 82' lang='lat' dir='ltr'><strong>venoe;·alii</strong></span> <span class='ocrx_word' id='word_1_153' title='bbox 723 2761 840 2868; x_wconf 71' lang='lat' dir='ltr'><strong>aliter,</strong></span> <span class='ocrx_word' id='word_1_154' title='bbox 858 2781 1056 2858; x_wconf 89' lang='lat' dir='ltr'><strong>notantccl</strong></span> <span class='ocrx_word' id='word_1_155' title='bbox 1082 2784 1193 2860; x_wconf 85' lang='lat' dir='ltr'><strong>Nicol.</strong></span> 
     </span>
     <span class='ocr_line' id='line_1_21' title="bbox 124 2877 1196 2998; baseline 0 -22"><span class='ocrx_word' id='word_1_156' title='bbox 124 2902 266 2976; x_wconf 85' lang='lat' dir='ltr'><strong>Heinsio.</strong></span> <span class='ocrx_word' id='word_1_157' title='bbox 285 2877 448 2974; x_wconf 75' lang='lat' dir='ltr'><strong>Pireterea</strong></span> <span class='ocrx_word' id='word_1_158' title='bbox 463 2895 547 2972; x_wconf 90' lang='lat' dir='ltr'><strong>nihil</strong></span> <span class='ocrx_word' id='word_1_159' title='bbox 564 2915 616 2972; x_wconf 83' lang='lat' dir='ltr'><strong>est</strong></span> <span class='ocrx_word' id='word_1_160' title='bbox 629 2913 703 2972; x_wconf 89' lang='lat' dir='ltr'><strong>toto</strong></span> <span class='ocrx_word' id='word_1_161' title='bbox 717 2894 751 2970; x_wconf 88' lang='lat' dir='ltr'><strong>in</strong></span> <span class='ocrx_word' id='word_1_162' title='bbox 771 2898 935 2986; x_wconf 82' lang='lat' dir='ltr'><strong>carmine,</strong></span> <span class='ocrx_word' id='word_1_163' title='bbox 954 2899 1046 2998; x_wconf 90' lang='lat' dir='ltr'><strong>quod</strong></span> <span class='ocrx_word' id='word_1_164' title='bbox 1066 2899 1148 2974; x_wconf 84' lang='lat' dir='ltr'><strong>vcl</strong></span> <span class='ocrx_word' id='word_1_165' title='bbox 1139 2931 1196 2976; x_wconf 85' lang='lat' dir='ltr'><strong>rn-</strong></span> 
     </span>
     <span class='ocr_line' id='line_1_22' title="bbox 122 3011 1197 3120; baseline -0.004 -27"><span class='ocrx_word' id='word_1_166' title='bbox 122 3047 215 3093; x_wconf 85' lang='lat' dir='ltr'><strong>nuere</strong></span> <span class='ocrx_word' id='word_1_167' title='bbox 239 3015 370 3120; x_wconf 86' lang='lat' dir='ltr'><strong>possit,</strong></span> <span class='ocrx_word' id='word_1_168' title='bbox 394 3013 544 3089; x_wconf 79' lang='lat' dir='ltr'><strong>Perillam</strong></span> <span class='ocrx_word' id='word_1_169' title='bbox 562 3013 686 3088; x_wconf 85' lang='lat' dir='ltr'><strong>hancce</strong></span> <span class='ocrx_word' id='word_1_170' title='bbox 704 3011 807 3088; x_wconf 86' lang='lat' dir='ltr'><strong>luisse</strong></span> <span class='ocrx_word' id='word_1_171' title='bbox 821 3013 965 3117; x_wconf 87' lang='lat' dir='ltr'><strong>Nasonis</strong></span> <span class='ocrx_word' id='word_1_172' title='bbox 980 3012 1082 3090; x_wconf 87' lang='lat' dir='ltr'><strong>filiam</strong></span> <span class='ocrx_word' id='word_1_173' title='bbox 1094 3046 1197 3118; x_wconf 72' lang='lat' dir='ltr'><strong>,quaa</strong></span> 
     </span>
     <span class='ocr_line' id='line_1_23' title="bbox 124 3090 1196 3235; baseline 0 -27"><span class='ocrx_word' id='word_1_174' title='bbox 124 3165 192 3210; x_wconf 88' lang='lat' dir='ltr'><strong>cnm</strong></span> <span class='ocrx_word' id='word_1_175' title='bbox 208 3162 273 3210; x_wconf 86' lang='lat' dir='ltr'><strong>sun</strong></span> <span class='ocrx_word' id='word_1_176' title='bbox 291 3129 430 3233; x_wconf 82' lang='lat' dir='ltr'><strong>conjuge</strong></span> <span class='ocrx_word' id='word_1_177' title='bbox 446 3133 480 3205; x_wconf 91' lang='lat' dir='ltr'><strong>in</strong></span> <span class='ocrx_word' id='word_1_178' title='bbox 499 3129 612 3205; x_wconf 80' lang='lat' dir='ltr'><strong>Africa</strong></span> <span class='ocrx_word' id='word_1_179' title='bbox 630 3129 709 3218; x_wconf 86' lang='lat' dir='ltr'><strong>suit,</strong></span> <span class='ocrx_word' id='word_1_180' title='bbox 729 3159 834 3232; x_wconf 89' lang='lat' dir='ltr'><strong>quum</strong></span> <span class='ocrx_word' id='word_1_181' title='bbox 850 3090 974 3206; x_wconf 79' lang='lat' dir='ltr'><strong>lloster</strong></span> <span class='ocrx_word' id='word_1_182' title='bbox 987 3160 1077 3206; x_wconf 86' lang='lat' dir='ltr'><strong>anno</strong></span> <span class='ocrx_word' id='word_1_183' title='bbox 1094 3162 1196 3235; x_wconf 80' lang='lat' dir='ltr'><strong>snpe-</strong></span> 
     </span>
     <span class='ocr_line' id='line_1_24' title="bbox 123 3247 1196 3349; baseline -0.002 -24"><span class='ocrx_word' id='word_1_184' title='bbox 123 3253 203 3326; x_wconf 85' lang='lat' dir='ltr'><strong>riore</strong></span> <span class='ocrx_word' id='word_1_185' title='bbox 219 3251 263 3324; x_wconf 87' lang='lat' dir='ltr'><strong>ad</strong></span> <span class='ocrx_word' id='word_1_186' title='bbox 279 3247 379 3324; x_wconf 75' lang='lat' dir='ltr'><strong>finem</strong></span> <span class='ocrx_word' id='word_1_187' title='bbox 396 3265 551 3344; x_wconf 86' lang='lat' dir='ltr'><strong>vergente</strong></span> <span class='ocrx_word' id='word_1_188' title='bbox 564 3247 600 3320; x_wconf 89' lang='lat' dir='ltr'><strong>in</strong></span> <span class='ocrx_word' id='word_1_189' title='bbox 611 3247 764 3322; x_wconf 84' lang='lat' dir='ltr'><strong>exsilium</strong></span> <span class='ocrx_word' id='word_1_190' title='bbox 776 3247 903 3334; x_wconf 62' lang='lat' dir='ltr'><strong>abiron</strong></span> <span class='ocrx_word' id='word_1_191' title='bbox 922 3265 957 3321; x_wconf 87' lang='lat' dir='ltr'><strong>et</strong></span> <span class='ocrx_word' id='word_1_192' title='bbox 969 3271 1042 3348; x_wconf 83' lang='lat' dir='ltr'><strong>qnae</strong></span> <span class='ocrx_word' id='word_1_193' title='bbox 1054 3248 1196 3349; x_wconf 86' lang='lat' dir='ltr'><strong>proinde</strong></span> 
     </span>
     <span class='ocr_line' id='line_1_25' title="bbox 124 3362 1197 3472; baseline -0.003 -27"><span class='ocrx_word' id='word_1_194' title='bbox 124 3371 171 3444; x_wconf 74' lang='lat' dir='ltr'><strong>rix</strong></span> <span class='ocrx_word' id='word_1_195' title='bbox 187 3367 339 3472; x_wconf 86' lang='lat' dir='ltr'><strong>potuerit</strong></span> <span class='ocrx_word' id='word_1_196' title='bbox 358 3366 425 3440; x_wconf 89' lang='lat' dir='ltr'><strong>boc</strong></span> <span class='ocrx_word' id='word_1_197' title='bbox 452 3383 601 3468; x_wconf 87' lang='lat' dir='ltr'><strong>tempore</strong></span> <span class='ocrx_word' id='word_1_198' title='bbox 623 3367 741 3438; x_wconf 81' lang='lat' dir='ltr'><strong>Romae</strong></span> <span class='ocrx_word' id='word_1_199' title='bbox 763 3363 877 3438; x_wconf 83' lang='lat' dir='ltr'><strong>sedere</strong></span> <span class='ocrx_word' id='word_1_200' title='bbox 902 3362 989 3438; x_wconf 81' lang='lat' dir='ltr'><strong>dulci</strong></span> <span class='ocrx_word' id='word_1_201' title='bbox 1007 3393 1074 3440; x_wconf 83' lang='lat' dir='ltr'><strong>cum</strong></span> <span class='ocrx_word' id='word_1_202' title='bbox 1099 3383 1197 3442; x_wconf 74' lang='lat' dir='ltr'><strong>tratre</strong></span> 
     </span>
     <span class='ocr_line' id='line_1_26' title="bbox 124 3480 1196 3591; baseline 0 -31"><span class='ocrx_word' id='word_1_203' title='bbox 124 3493 226 3590; x_wconf 80' lang='lat' dir='ltr'><strong>(vers.</strong></span> <span class='ocrx_word' id='word_1_204' title='bbox 243 3485 316 3580; x_wconf 83' lang='lat'><strong>3),</strong></span> <span class='ocrx_word' id='word_1_205' title='bbox 335 3508 434 3585; x_wconf 79' lang='lat' dir='ltr'><strong>qnam</strong></span> <span class='ocrx_word' id='word_1_206' title='bbox 451 3482 549 3558; x_wconf 83' lang='lat' dir='ltr'><strong>etiam</strong></span> <span class='ocrx_word' id='word_1_207' title='bbox 566 3499 666 3583; x_wconf 84' lang='lat' dir='ltr'><strong>pocta</strong></span> <span class='ocrx_word' id='word_1_208' title='bbox 682 3509 725 3554; x_wconf 88' lang='lat' dir='ltr'><strong>ne</strong></span> <span class='ocrx_word' id='word_1_209' title='bbox 741 3481 846 3591; x_wconf 72' lang='lat' dir='ltr'><strong>rerbo</strong></span> <span class='ocrx_word' id='word_1_210' title='bbox 863 3480 997 3582; x_wconf 86' lang='lat' dir='ltr'><strong>quidem</strong></span> <span class='ocrx_word' id='word_1_211' title='bbox 1011 3510 1069 3557; x_wconf 88' lang='lat' dir='ltr'><strong>ceu</strong></span> <span class='ocrx_word' id='word_1_212' title='bbox 1088 3513 1196 3560; x_wconf 86' lang='lat' dir='ltr'><strong>caram</strong></span> 
     </span>
     <span class='ocr_line' id='line_1_27' title="bbox 123 3597 516 3702; baseline -0.015 -22"><span class='ocrx_word' id='word_1_213' title='bbox 123 3607 170 3680; x_wconf 85' lang='lat' dir='ltr'><strong>sul</strong></span> <span class='ocrx_word' id='word_1_214' title='bbox 187 3602 365 3702; x_wconf 84' lang='lat' dir='ltr'><strong>conjugem</strong></span> <span class='ocrx_word' id='word_1_215' title='bbox 383 3597 516 3675; x_wconf 84' lang='lat' dir='ltr'><strong>salutat.</strong></span> 
     </span>
    </p>

    <p class='ocr_par' dir='ltr' id='par_1_7' title="bbox 123 3713 1196 4160">
     <span class='ocr_line' id='line_1_28' title="bbox 168 3713 1194 3820; baseline -0.001 -28"><span class='ocrx_word' id='word_1_216' title='bbox 168 3725 208 3796; x_wconf 85' lang='lat' dir='ltr'><strong>V.</strong></span> <span class='ocrx_word' id='word_1_217' title='bbox 248 3721 323 3794; x_wconf 85' lang='lat' dir='ltr'><strong>Hoc</strong></span> <span class='ocrx_word' id='word_1_218' title='bbox 344 3716 470 3820; x_wconf 86' lang='lat' dir='ltr'><strong>pariter</strong></span> <span class='ocrx_word' id='word_1_219' title='bbox 496 3741 585 3790; x_wconf 90' lang='lat' dir='ltr'><strong>anno</strong></span> <span class='ocrx_word' id='word_1_220' title='bbox 611 3713 724 3816; x_wconf 88' lang='lat' dir='ltr'><strong>potuit</strong></span> <span class='ocrx_word' id='word_1_221' title='bbox 744 3714 823 3788; x_wconf 74' lang='lat' dir='ltr'><strong>tiber</strong></span> <span class='ocrx_word' id='word_1_222' title='bbox 847 3713 972 3801; x_wconf 80' lang='lat' dir='ltr'><strong>scribi,</strong></span> <span class='ocrx_word' id='word_1_223' title='bbox 1004 3714 1057 3786; x_wconf 86' lang='lat' dir='ltr'><strong>oni</strong></span> <span class='ocrx_word' id='word_1_224' title='bbox 1074 3714 1194 3792; x_wconf 86' lang='lat' dir='ltr'><strong>titulus</strong></span> 
     </span>
     <span class='ocr_line' id='line_1_29' title="bbox 123 3830 1195 3932; baseline -0.002 -22"><span class='ocrx_word' id='word_1_225' title='bbox 123 3840 206 3925; x_wconf 77' lang='lat' dir='ltr'><strong>ltus,</strong></span> <span class='ocrx_word' id='word_1_226' title='bbox 220 3864 263 3912; x_wconf 84' lang='lat' dir='ltr'><strong>ex</strong></span> <span class='ocrx_word' id='word_1_227' title='bbox 275 3834 353 3909; x_wconf 84' lang='lat' dir='ltr'><strong>ficto</strong></span> <span class='ocrx_word' id='word_1_228' title='bbox 365 3832 524 3908; x_wconf 88' lang='lat' dir='ltr'><strong>nimirum</strong></span> <span class='ocrx_word' id='word_1_229' title='bbox 535 3831 627 3904; x_wconf 89' lang='lat' dir='ltr'><strong>illius</strong></span> <span class='ocrx_word' id='word_1_230' title='bbox 643 3830 704 3905; x_wconf 87' lang='lat' dir='ltr'><strong>viri</strong></span> <span class='ocrx_word' id='word_1_231' title='bbox 718 3832 871 3920; x_wconf 85' lang='lat' dir='ltr'><strong>nomine,</strong></span> <span class='ocrx_word' id='word_1_232' title='bbox 890 3859 990 3932; x_wconf 82' lang='lat' dir='ltr'><strong>quom</strong></span> <span class='ocrx_word' id='word_1_233' title='bbox 1001 3857 1041 3904; x_wconf 89' lang='lat' dir='ltr'><strong>eo</strong></span> <span class='ocrx_word' id='word_1_234' title='bbox 1053 3831 1195 3908; x_wconf 83' lang='lat' dir='ltr'><strong>carmine</strong></span> 
     </span>
     <span class='ocr_line' id='line_1_30' title="bbox 125 3947 1196 4054; baseline -0.006 -27"><span class='ocrx_word' id='word_1_235' title='bbox 125 3953 274 4040; x_wconf 83' lang='lat' dir='ltr'><strong>devovet,</strong></span> <span class='ocrx_word' id='word_1_236' title='bbox 294 3947 386 4054; x_wconf 88' lang='lat' dir='ltr'><strong>quod</strong></span> <span class='ocrx_word' id='word_1_237' title='bbox 402 3949 519 4046; x_wconf 80' lang='lat' dir='ltr'><strong>lingua</strong></span> <span class='ocrx_word' id='word_1_238' title='bbox 533 3952 696 4024; x_wconf 83' lang='lat' dir='ltr'><strong>Nostrum</strong></span> <span class='ocrx_word' id='word_1_239' title='bbox 714 3949 853 4052; x_wconf 84' lang='lat' dir='ltr'><strong>ejusque</strong></span> <span class='ocrx_word' id='word_1_240' title='bbox 871 3948 1046 4047; x_wconf 79' lang='lat' dir='ltr'><strong>conjugem</strong></span> <span class='ocrx_word' id='word_1_241' title='bbox 1062 3948 1196 4025; x_wconf 81' lang='lat' dir='ltr'><strong>morde-</strong></span> 
     </span>
     <span class='ocr_line' id='line_1_31' title="bbox 126 4063 1021 4160; baseline -0.008 -16"><span class='ocrx_word' id='word_1_242' title='bbox 126 4089 184 4160; x_wconf 87' lang='lat' dir='ltr'><strong>ret,</strong></span> <span class='ocrx_word' id='word_1_243' title='bbox 202 4089 244 4144; x_wconf 89' lang='lat' dir='ltr'><strong>nt</strong></span> <span class='ocrx_word' id='word_1_244' title='bbox 257 4069 383 4144; x_wconf 88' lang='lat' dir='ltr'><strong>indicat</strong></span> <span class='ocrx_word' id='word_1_245' title='bbox 399 4095 485 4142; x_wconf 86' lang='lat' dir='ltr'><strong>vers.</strong></span> <span class='ocrx_word' id='word_1_246' title='bbox 510 4063 631 4139; x_wconf 82' lang='lat'>11-16.</span> <span class='ocrx_word' id='word_1_247' title='bbox 649 4066 784 4140; x_wconf 86' lang='lat' dir='ltr'><strong>Etenim</strong></span> <span class='ocrx_word' id='word_1_248' title='bbox 801 4065 850 4140; x_wconf 90' lang='lat' dir='ltr'><strong>sic</strong></span> <span class='ocrx_word' id='word_1_249' title='bbox 866 4064 1021 4141; x_wconf 70' lang='lat' dir='ltr'><strong>orditura</strong></span> 
     </span>
    </p>
   </div>
   <div class='ocr_carea' id='block_1_7' title="bbox 157 4265 516 4338">
    <p class='ocr_par' dir='ltr' id='par_1_8' title="bbox 157 4265 516 4338">
     <span class='ocr_line' id='line_1_32' title="bbox 157 4265 516 4338; baseline -0.017 -16"><span class='ocrx_word' id='word_1_250' title='bbox 157 4268 166 4301; x_wconf 89' lang='lat'>¹</span> <span class='ocrx_word' id='word_1_251' title='bbox 183 4269 243 4322; x_wconf 72' lang='lat' dir='ltr'><strong>Lib</strong></span> <span class='ocrx_word' id='word_1_252' title='bbox 257 4267 286 4334; x_wconf 88' lang='lat' dir='ltr'><strong>t,</strong></span> <span class='ocrx_word' id='word_1_253' title='bbox 304 4265 386 4338; x_wconf 72' lang='lat' dir='ltr'><strong>Epist.</strong></span> <span class='ocrx_word' id='word_1_254' title='bbox 399 4279 516 4320; x_wconf 79' lang='lat' dir='ltr'><strong>xxxvur.</strong></span> 
     </span>
    </p>
   </div>
   <div class='ocr_carea' id='block_1_8' title="bbox 0 0 1515 5000">
    <p class='ocr_par' dir='ltr' id='par_1_9' title="bbox 0 0 1515 5000">
     <span class='ocr_line' id='line_1_33' title="bbox 0 0 1515 5000; baseline 0 0"><span class='ocrx_word' id='word_1_255' title='bbox 0 0 1515 5000; x_wconf 95' lang='lat' dir='ltr'><strong> </strong></span> 
     </span>
    </p>
   </div>
  </div>
 </body>
</html>
