3017 5000
330 402 401 470 DE
424 403 463 468 P.
492 401 689 474 OVIDIO
713 406 939 478 NASONE.
1106 403 1177 482 335Ι

112 534 178 622 tili,
193 537 250 638 qni
267 557 319 616 est
332 541 449 638 genius
463 544 695 636 Nasonianus,
711 547 827 626 fabula
842 553 1026 653 reponitur.
1043 587 1062 620 »
1085 557 1177 631 Vide·

112 653 186 726 etad
202 653 262 730 tib.
279 659 352 748 111,
370 684 453 760 290.
1053 691 1057 696 ·

149 783 251 870 lutat,
264 779 307 856 a'd
317 783 377 858 lib.
394 787 464 876 ΙΙΙ,
483 813 570 888 192:
586 821 603 856 «
618 791 658 864 ln
670 790 798 867 Niobes
806 793 1088 897 magniloquentia
1100 827 1174 900 poe-

111 923 202 996 mqne
214 896 460 990 describendis,
480 903 626 1006 scipsum
639 905 720 980 vicit
732 908 892 996 Ovidius,
905 939 1004 1011 quem
1020 916 1178 1016 suspicor

112 1037 166 1084 non
189 1039 294 1113 pauca
311 1041 351 1090 ex
369 1017 503 1113 tragicis
528 1019 705 1112 sumsisse,
729 1020 829 1096 hodic
849 1051 917 1098 non
941 1028 1173 1120 exstantibus,

111 1151 213 1220 magna
230 1155 307 1202 cum
323 1148 438 1206 nostra
455 1128 613 1208 dolentia.
632 1168 649 1200 »

149 1252 199 1324 Ad
214 1251 273 1326 lib.
294 1257 358 1346 IV,
377 1255 447 1358 756
463 1286 472 1331 c
489 1291 507 1324 c
525 1259 670 1334 Librarii
682 1287 753 1333 non
770 1258 880 1334 solnm
895 1260 1104 1360 tautolognm
1116 1267 1171 1341 se·

110 1386 214 1442 cerunt
230 1370 411 1462 Ovidium,
430 1373 488 1450 sed
505 1375 688 1475 majoribus
705 1376 803 1450 dictis
815 1377 927 1479 inepte
941 1379 1070 1454 minora
1086 1380 1172 1456 sub-

110 1478 329 1562 derclecerunt
342 1490 519 1580 Ovidium,
532 1503 665 1594 poetam
681 1491 924 1582 cautissimum,
938 1512 973 1569 et
983 1493 1046 1570 alia
1059 1497 1173 1572 omnia

109 1601 208 1697 potius
225 1633 325 1705 quam
341 1608 532 1706 tautologiae
549 1628 663 1687 notam
683 1612 848 1686 meritum.
866 1646 885 1678 »

148 1730 197 1803 Ad
208 1729 271 1807 lib.
286 1736 329 1820 V,
344 1733 413 1836 367
432 1766 440 1809 :
460 1769 478 1802 c
494 1735 629 1833 Virgilii
644 1737 799 1834 gravitati
811 1738 840 1812 si
853 1737 1044 1814 facilitatem
1058 1742 1174 1816 Ovidii

109 1845 395 1950 incomparabilem
412 1853 661 1956 composueris,
685 1854 860 1934 miraberis
881 1855 1172 1951 ingeniosissimo·

108 1988 169 2034 mm
186 1963 360 2041 hominum
378 1967 606 2044 differentiam.
626 1969 788 2072 Papinius
804 1970 848 2044 ad
865 1998 923 2046 eos
938 1969 1034 2044 nihil.
1052 2004 1072 2038 »

146 2091 228 2165 thid.
248 2093 290 2180 V,
310 2093 378 2186 481
398 2125 406 2169 :
423 2129 442 2162 «
461 2096 546 2192 Quae
563 2093 722 2170 divinitus
740 2094 943 2181 dictasunt,
963 2121 1024 2169 nec
1038 2123 1102 2196 ope
1117 2097 1170 2172 ul·

108 2202 161 2281 lius
176 2209 299 2304 ingenii
316 2209 452 2284 humani
469 2211 542 2285 fieri
557 2229 702 2310 possunt
716 2210 956 2312 praestantiora.
979 2243 998 2275 »

145 2333 195 2405 Ad
210 2331 270 2408 lib.
286 2333 356 2422 Vl,
374 2331 445 2406 536
461 2363 469 2407 ε
489 2367 507 2399 «
522 2333 563 2406 ln
576 2333 800 2434 descriptione
812 2361 935 2434 pugna
951 2334 1169 2436 Lapitharum

106 2472 169 2521 cnm
183 2448 378 2553 Centauris,
392 2450 623 2526 inventionum
639 2449 753 2552 copia,
775 2466 809 2524 et
825 2449 989 2526 sermonis
1003 2450 1103 2525 nitidi
1117 2481 1169 2527 cc-

105 2558 219 2640 leritate
238 2566 385 2667 seipsum
401 2568 578 2668 superarit
600 2598 618 2633 »

145 2689 195 2763 Ad
212 2688 276 2764 lib.
294 2692 363 2779 XI,
384 2694 429 2785 42
445 2722 452 2766 ε
466 2724 484 2757 «
500 2692 642 2767 Ovidius
655 2690 882 2793 vemsffimbi
892 2688 976 2780 olor,
993 2720 1061 2794 qno
1072 2722 1169 2769 nemo

106 2808 245 2895 scamus,
259 2826 313 2898 et,
330 2828 369 2885 ut
385 2809 432 2886 ita
448 2808 584 2913 loquar,
602 2810 812 2911 penetramus
825 2838 970 2912 unquam
986 2811 1169 2889 infortunia

105 2950 166 3014 sna,
184 2925 237 3000 vel
253 2926 359 3003 aliena
377 2926 560 3029 dequestus
577 2947 638 3002 cst.
657 2930 703 3001 Et
722 2928 815 3001 omni
836 2926 946 3029 lapide
968 2928 1085 3003 durior
1104 2932 1170 3006 firit

105 3041 238 3138 Augusti
250 3042 397 3131 animus,
410 3044 486 3145 qui,
499 3044 526 3117 si
535 3072 605 3118 non
613 3040 711 3145 plane
726 3043 935 3131 condonare,
951 3044 1043 3146 quod
1053 3046 1170 3149 utique

105 3175 132 3229 et
140 3176 269 3259 poterat
283 3176 317 3233 et
330 3159 489 3249 debebat,
503 3159 649 3262 culpam,
664 3162 831 3235 remittere
840 3151 951 3234 ¹tamen
962 3160 1068 3235 exsilii
1079 3179 1170 3237 atro·

106 3270 224 3347 citatem
235 3301 305 3348 uno
320 3273 422 3348 verbo
436 3272 598 3363 debebat,
616 3273 783 3375 illiqnenti
796 3292 863 3348 tam
876 3275 1030 3371 ingenuis
1045 3272 1168 3350 lamen-

105 3384 281 3463 tationibus
299 3406 392 3463 tanto
410 3388 557 3484 ingenio.
575 3422 594 3455 a>

145 3512 231 3587 lbid.
262 3512 334 3607 400
358 3546 365 3587 :
392 3516 546 3611 «Longa
572 3514 726 3591 serieres
750 3515 799 3589 ibi
830 3534 998 3605 narratur,
1017 3515 1169 3593 versibus

105 3624 190 3726 plane
200 3620 386 3705 Musarum
406 3631 661 3732 manuscriptis,
678 3648 712 3705 et
729 3658 786 3705 ore
803 3630 967 3707 canendis.
990 3663 1008 3697 »

146 3756 260 3841 lntttt,
282 3756 423 3830 Advers.
447 3772 561 3844 Lvttt,
585 3783 655 3857 cap.
677 3782 720 3856 9,
748 3754 866 3828 dicit«
888 3756 1076 3829 universum
1099 3757 1170 3856 ejus

106 3894 181 3968 opus
197 3872 360 3968 (Metam.
373 3874 389 3965 )
402 3870 573 3968 ingenium
582 3872 696 3975 potius
707 3871 830 3947 referre
844 3900 943 3973 quam
955 3899 1083 3961 curam,
1101 3902 1167 3974 quo

106 3982 170 4085 ipso
183 3984 284 4085 louge
303 3990 445 4063 Marone
461 4008 511 4064 est
527 3988 674 4063 inferior.
696 4022 714 4055 s
731 3988 817 4063 Vide
832 3986 969 4092 reliqua.

148 4114 362 4205 Marsorum,
381 4113 423 4188 ad
441 4114 548 4189 Cicer.
568 4110 626 4186 lib.
642 4116 691 4187 ΙΙΙ
704 4113 740 4187 in
756 4117 851 4189 Verr.
871 4144 942 4217 cap.
957 4114 1003 4207 48
1026 4146 1034 4187 :
1055 4149 1073 4182 «
1090 4114 1166 4189 Ele·
