3017 5000
299 504 363 547 nra
627 482 667 547 P.
695 480 878 548 OVIDII
903 478 1042 549 VITA.

465 619 584 689 Tempus
595 618 628 673 ad
644 618 709 686 boc,
724 618 811 673 lustris
823 620 925 687 iambis
936 604 1003 673 mihi
1015 620 1132 690 quinque
1146 622 1272 691 peractis,

497 708 588 766 Omne
601 709 650 763 suit
664 711 750 765 Musae
760 730 869 765 carmen
882 712 984 766 inerme
996 729 1063 765 meo
1072 750 1080 778 ,
1090 722 1140 766 etc.

298 829 421 931 quibus
436 844 565 901 atatem
591 828 767 927 designat,
787 857 851 932 qua
874 827 939 902 tuit
954 827 990 900 in
1008 826 1162 902 exsilium
1177 829 1321 919 missus,
1340 847 1382 905 ut

297 946 339 1020 ad
355 944 562 1046 superiorem
575 972 698 1019 annum
717 946 942 1046 exposuimus.

346 1063 404 1133 Vl.
426 1062 544 1159 Quum
560 1060 626 1134 boc
649 1091 738 1135 auno
754 1061 911 1136 Tiberius
927 1060 1025 1134 oedern
1048 1059 1229 1135 Concordioe
1245 1062 1383 1137 dedica-

297 1180 400 1269 verit,
420 1179 565 1281 inscnjnto
582 1208 637 1253 suo
654 1179 802 1281 etsrntn‘s
817 1180 940 1265 Drusi,
964 1180 1032 1253 vito
1042 1178 1164 1280 pridem
1168 1180 1278 1276 sonci
1283 1241 1293 1267 ,
1322 1212 1383 1257 no-

296 1298 394 1385 mine,
412 1298 506 1398 juxta
522 1296 645 1372 Dionis
663 1308 671 1339 ¹
693 1297 941 1383 testimoninm
960 1315 1061 1399 atque
1075 1299 1219 1373 Ovidius
1234 1300 1382 1399 ejusdem

296 1410 394 1497 ndis,
412 1441 471 1487 cen
481 1412 548 1511 jam
558 1430 776 1498 consecratae,
788 1412 977 1485 meminerit
987 1412 1029 1485 ad
1042 1431 1106 1485 xvt
1115 1414 1265 1487 lanuarii
1273 1413 1383 1504 diem,

296 1528 392 1602 Fosi.
412 1528 474 1603 lib.
495 1532 531 1617 l,
552 1558 635 1603 vers.
656 1526 843 1627 637-650;
863 1528 941 1602 binc
960 1530 1081 1603 iterum
1102 1528 1209 1629 liquet
1224 1558 1319 1604 error
1337 1530 1383 1605 cl.

296 1645 476 1736 Bucherii,
502 1644 721 1721 existimantis
737 1643 855 1741 Festos
878 1673 966 1718 anuo
990 1646 1034 1718 U.
1063 1646 1101 1719 C.
1120 1664 1249 1720 noetlx
1270 1647 1386 1721 editos

297 1760 413 1835 luisse.

345 1881 418 1953 ttae
435 1879 607 1953 occasione
627 1879 702 1954 data
724 1908 966 1980 supervacuum
981 1908 1050 1953 non
1069 1879 1146 1967 erit,
1163 1879 1317 1955 Suetonii
1328 1880 1386 1955 lo-

300 2024 377 2071 cum
405 1993 445 2069 de
471 1994 568 2069 istius
587 1994 703 2096 templi
722 1993 929 2069 dedicatione
955 2013 1107 2091 agentem
1133 1994 1316 2084 elucidare,
1334 1999 1385 2073 si-

299 2111 434 2214 quidem
453 2111 656 2187 doctissimis
677 2113 756 2187 viris
773 2142 886 2190 ansam
908 2112 1038 2187 errandi
1061 2112 1214 2215 prebuit.
1246 2111 1388 2189 Scilicet

297 2227 481 2303 historicus
497 2226 553 2303 ille
570 2259 675 2330 quum
693 2247 860 2305 narrasset
880 2239 911 2318 ²,
929 2229 1103 2304 Tiberium
1122 2260 1144 2303 n
1163 2230 1331 2305 Gemoniis
1353 2231 1387 2303 in

298 2348 403 2421 urbem
413 2362 488 2448 post
498 2347 650 2421 britininrn
666 2376 831 2449 regressum
847 2408 855 2431 ,
875 2347 1082 2449 trinrrrplrum,
1101 2376 1189 2451 quern
1200 2346 1382 2433 distulerat,

300 2466 411 2566 egiss&
429 2462 521 2538 addit
539 2463 626 2538 inter
642 2491 676 2538 ea
691 2522 700 2553 ,
716 2493 791 2566 quae
805 2463 964 2539 Tiberius
980 2482 1059 2566 post
1075 2463 1264 2565 perfecerit,
1277 2480 1312 2537 et
1324 2462 1389 2540 de-

299 2580 501 2654 dicationem
520 2569 716 2655 Concortlrie'
729 2581 826 2668 oedr's,
854 2582 933 2654 item
945 2580 1087 2654 Pollucis
1106 2596 1137 2654 et
1154 2577 1314 2666 Caston's,
1352 2601 1388 2655 et

300 2697 436 2798 quidem
455 2697 494 2770 de
515 2697 675 2771 rnonnbri's.
705 2689 802 2771 Uinde
819 2716 1015 2798 sequeretur
1031 2727 1094 2800 pro
1110 2697 1262 2772 Suetonii
1277 2697 1389 2770 ratio-

299 2813 422 2902 nibus,
441 2831 615 2915 utramque
641 2809 737 2886 oden
758 2843 846 2887 anno
869 2815 1065 2892 citissimum
1085 2819 1126 2888 U.
1150 2817 1188 2888 C.
1216 2831 1388 2902 ltcctxv,

303 2957 370 3028 quo
387 2931 578 3032 triumphus
594 2927 651 3002 illc
670 2929 813 3019 ductus,
831 2931 1014 3006 dedicatam
1042 2932 1153 3006 luisse.
1183 2931 1275 3004 Idem
1295 2930 1388 3006 sorte

304 3048 380 3148 quis
395 3066 529 3147 putaret
544 3076 584 3121 ex
595 3049 719 3120 Nostro
734 3047 932 3133 confirmari,
943 3077 1045 3149 quum
1060 3049 1191 3122 recitata
1209 3077 1308 3122 causa
1323 3076 1389 3122 cur

304 3164 450 3265 primum
463 3191 482 3236 a
499 3165 539 3236 F
535 3164 600 3237 unii
616 3182 731 3237 votum
744 3163 847 3236 fuerit
859 3160 1042 3235 Concordiie
1056 3161 1225 3264 templum,
1236 3192 1315 3236 mox
1326 3193 1387 3236 ex·

305 3307 434 3381 ponens
456 3279 674 3379 quamobrem
700 3279 821 3352 iterum
837 3307 856 3351 a
873 3276 1011 3352 Tiberio
1038 3279 1083 3351 sit
1106 3279 1191 3352 aedes
1205 3277 1285 3354 buic
1303 3280 1386 3353 lteae

306 3413 515 3481 consecrata,
534 3395 582 3468 sic
599 3411 714 3482 canat,
733 3421 816 3467 vers.
837 3391 1023 3485 645-650:

471 3541 558 3596 Causa
569 3560 656 3595 recens
668 3541 763 3594 melior
776 3560 879 3610 :passos
893 3543 1032 3594 Germania
1045 3541 1131 3593 crines

505 3627 620 3694 Porrigit
631 3626 750 3694 auspiciis
761 3666 768 3693 ,
782 3625 835 3679 dux
846 3625 1014 3691 venerande,
1028 3625 1087 3678 tuis.

358 3713 361 3720 '
471 3712 538 3768 lude
551 3714 708 3778 t'n'unrplate
719 3710 802 3766 libasti
812 3731 914 3768 anneta
923 3718 1025 3778 ‘enim

509 3798 663 3864 Templaqne
669 3794 765 3862 fecisti
771 3834 778 3857 ,
791 3814 871 3863 quam
881 3794 944 3850 colis
956 3795 1010 3864 ipse
1021 3834 1028 3861 ‚
1041 3795 1114 3848 Dete.

395 3893 398 3902 ·
469 3877 534 3932 Haec
546 3889 591 3930 tna
603 3878 737 3932 constituit
748 3884 864 3946 genetrix
877 3876 888 3909 ³
899 3890 925 3932 et
940 3881 1019 3933 rebus
1029 3890 1056 3932 et
1068 3899 1132 3944 ara,

504 3963 566 4017 Sola
579 3975 637 4017 toro
651 3964 740 4034 magni
752 3963 833 4032 digna
843 3973 948 4033 reperta
960 3962 1042 4016 lovis.

338 4089 346 4118 ¹
365 4083 422 4136 tib.
433 4079 514 4146 LVI,
534 4099 591 4151 pag.
607 4081 663 4134 586.

338 4179 349 4208 ²
368 4175 479 4229 Sueton.
491 4173 518 4225 in
531 4172 590 4225 Tib.
602 4191 656 4241 rap.
669 4190 710 4224 no.

338 4263 348 4296 ³
365 4265 437 4319 Liria
450 4283 545 4333 nempe
561 4265 679 4331 Aiigusto
689 4273 789 4332 nupta,
802 4262 955 4330 Tiberiiqnc
968 4272 1070 4329 mater,
1083 4261 1116 4315 de
1125 4281 1177 4332 qua
1188 4263 1296 4331 Noster,
1305 4263 1385 4317 Trist.
