3017 5000
288 481 330 548 32
570 481 609 544 P.
638 479 817 548 OVIDII
843 479 1078 548 NASONIS

336 620 472 721 Quique
488 619 592 693 bomo
605 637 699 721 parte
713 621 786 707 sui,
804 637 899 722 parte
915 620 1075 719 juvencus
1092 639 1178 709 erat3
1318 645 1373 710 410

289 738 426 838 Quique
445 737 555 812 trabes
568 763 700 839 pressas
716 737 761 810 ab
779 738 883 811 humo
898 736 1055 811 mittebat
1069 735 1104 810 in
1122 766 1239 824 auras,

339 854 500 957 AEquoris
514 855 701 958 adspiciens
717 854 820 954 hujus
835 873 870 929 et
882 856 985 956 bujus
1001 883 1123 958 aquas3

291 973 444 1070 Quaeque
465 970 565 1044 Ceres
581 968 666 1044 vidit
680 967 759 1044 lato
776 971 950 1070 pereuntia
966 969 1063 1045 vultu

342 1085 495 1184 Corpora
510 1083 640 1158 Thesea
656 1084 846 1184 Cercyonea
861 1113 973 1157 manu.

294 1201 373 1274 llec
390 1197 473 1285 tibi,
493 1226 590 1298 quem
607 1196 733 1272 meritis
750 1198 909 1298 precibus
925 1225 997 1272 mea
1016 1197 1156 1273 devovet
1171 1199 1239 1284 ira,
1322 1218 1375 1287 415

341 1311 522 1392 Eveniant,
542 1328 600 1384 aut
615 1310 670 1384 his
685 1339 757 1385 nou
774 1311 899 1385 leviora
914 1310 1032 1385 malis:
1208 1328 1211 1332 '

295 1429 415 1528 Qualis
434 1428 684 1504 Achaemenides
703 1427 816 1502 Sicula
830 1429 981 1502 desertus
998 1430 1034 1502 in
1052 1431 1174 1519 AEtna,

342 1547 463 1621 Troica
482 1573 586 1648 quum
602 1545 686 1619 vidit
702 1544 774 1620 vela
793 1547 929 1632 venire,
946 1545 1032 1620 tuit:

297 1660 417 1759 Qualis
434 1679 504 1736 erat
521 1689 582 1734 nec
597 1689 667 1735 non
685 1661 822 1736 fortuna
837 1663 1022 1738 binominis
1040 1662 1106 1750 Iri,

348 1779 486 1879 Quique
503 1796 617 1852 tenent
635 1796 793 1880 pontem,
814 1809 888 1882 quae
904 1779 968 1855 tibi
983 1779 1077 1882 pejor
1094 1779 1166 1852 erit.
1326 1798 1380 1865 4²⁰

297 1981 359 2025 tur:
373 1971 394 2024 si
407 1989 470 2026 vero
481 1970 633 2039 breviores,
649 1969 760 2042 pedibus
773 1970 817 2024 di·
898 1975 956 2040 413.
971 1974 1080 2040 Quoque
1091 1973 1167 2024 Ceres
1178 1972 1250 2023 audit.
1262 1968 1382 2043 Cercyo-

298 2049 443 2104 stendeban
449 2061 498 2102 tur.
512 2051 581 2102 Zen-
864 2069 928 2104 nem
943 2048 1073 2102 Arcadem
1086 2048 1115 2101 in
1126 2046 1245 2117 palestra
1258 2046 1381 2102 Tbeseus

333 2129 390 2194 4¹⁰·
406 2132 501 2196 Quique
513 2129 593 2178 homo.
607 2125 648 2180 De
658 2125 816 2180 Minotauro
863 2129 936 2196 insta
948 2126 1110 2180 Eleusiniam
1124 2123 1255 2179 Cererem
1267 2143 1381 2195 supera-

300 2205 437 2276 intelligit,
451 2224 531 2274 quern
542 2205 662 2260 Theseus
673 2203 815 2258 interfecit.
863 2207 914 2272 vit,
924 2217 955 2259 ut
962 2203 1118 2259 Plutarchus
1124 2201 1265 2269 scribit,et
1273 2203 1305 2256 ab
1314 2201 1382 2256 ovi·

335 2289 364 2352 dr
373 2305 392 2338 r.
409 2288 502 2354 Quique
512 2287 598 2337 trabes
603 2303 708 2352 pressas
716 2294 766 2336 etc.
775 2283 818 2336 Pi·
865 2285 911 2339 dio
921 2286 950 2339 in
962 2285 1029 2338 Met,
1040 2283 1085 2338 lib.
1097 2284 1151 2338 Vll
1163 2323 1171 2349 ,
1185 2283 1235 2356 439
1244 2283 1381 2353 tangitur:

303 2374 472 2436 tyoeampten
485 2361 606 2431 intelligit
619 2372 712 2430 poeta,
729 2360 817 2429 quiab
867 2362 1039 2435 «Cercyonis
1057 2361 1159 2414 lethum
1178 2360 1243 2414 vidit
1262 2357 1382 2414 Cerealis

301 2459 334 2493 eo
348 2460 447 2492 nornen
461 2437 571 2505 habuit,
592 2437 663 2508 quod
676 2437 791 2508 hospites
803 2455 818 2490 a
867 2441 1005 2496 Eleusis.»
1027 2443 1134 2509 Ouaque
1147 2441 1221 2493 Ceres
1239 2443 1307 2492 vidit
1320 2442 1384 2493 leto

301 2541 329 2573 se
344 2521 488 2574 certamine
501 2520 603 2584 victos,
624 2518 732 2571 diversis
748 2518 820 2588 pini·
861 2526 996 2591 peremtis
1006 2524 1085 2572 airu.
1102 2520 1216 2588 Propter
1228 2519 1328 2573 sublata
1338 2518 1383 2573 la-

303 2600 352 2653 bus
368 2599 396 2652 in
419 2610 519 2652 terram
539 2596 652 2651 curvatis
672 2597 819 2668 adligabat,
868 2601 979 2656 trocinia
997 2599 1111 2663 scilieet,
1132 2598 1227 2667 quibus
1245 2597 1289 2651 ille
1309 2599 1384 2653 viam

304 2690 382 2749 atque
394 2679 431 2730 ita
442 2676 552 2747 ligatos,
572 2675 665 2730 iisdem
682 2677 819 2731 arboribus
868 2692 947 2749 atque
955 2678 1057 2733 aditum
1064 2676 1096 2729 ad
1103 2676 1267 2741 Eleusinem,
1276 2677 1319 2729 ubi
1330 2675 1385 2731 Ce·

303 2776 407 2811 sursum
425 2754 524 2809 iterum
543 2774 572 2808 ac
588 2754 687 2824 pariter
702 2753 819 2820 emissis,
868 2777 911 2810 res
922 2758 1052 2826 precipue
1068 2753 1222 2822 colebatur,
1237 2753 1388 2809 infestaret.

303 2835 441 2891 lacerabat.
454 2834 507 2888 Hic
520 2834 612 2887 Isthmi
630 2832 762 2905 angustias
771 2832 821 2886 ob-
902 2835 958 2899 415.
973 2836 1051 2899 Queri
1056 2835 1177 2899 precibus
1179 2832 1271 2899 justis.
1281 2832 1386 2885 Meritis

304 2913 419 2980 sidebat,
436 2932 518 2983 quare
534 2911 577 2965 bic
589 2932 603 2965 a
615 2922 692 2981 poeta
706 2910 819 2976 dicitur,
864 2915 983 2980 precibus
993 2910 1112 2980 plerique
1124 2909 1222 2978 scripti.
1234 2909 1335 2963 Herus.

305 2992 384 3062 buius
402 3003 430 3044 et
447 2990 513 3043 illius
528 2990 640 3058 aeqnoris
657 3008 754 3058 aquas,
770 2989 821 3045 boc
902 2990 961 3057 415.
984 2992 1116 3043 Evenient.
1136 2988 1207 3057 lege
1222 3026 1231 3055 ,
1249 2990 1389 3042 mmm

305 3082 361 3137 est,
382 3070 489 3123 Ionium
505 3079 532 3122 et
544 3068 661 3139 AEgeum
677 3087 751 3122 mare
766 3068 820 3121 ad·
872 3069 993 3124 Conse.
1016 3069 1095 3123 Fert.
1115 3072 1153 3123 Et
1169 3072 1294 3134 orabat,
1311 3086 1387 3121 unus

305 3147 821 3221 spexisse.Caeterumeundembuncalii
871 3150 993 3217 Heinsii,·
1005 3152 1164 3209 Erwaket.
1183 3147 1248 3201 alins
1259 3146 1386 3204 Gallicam.

305 3226 408 3282 faciunt
423 3246 483 3280 cum
499 3244 531 3279 eo
548 3244 629 3295 quem
642 3224 729 3279 Sinim
741 3243 821 3295 supra
903 3232 961 3301 4¹&
978 3230 1070 3296 Qualis
1084 3240 1147 3279 erar.
1165 3228 1224 3280 Irus
1240 3225 1389 3280 ltbaoensis

305 3306 392 3361 vocari
405 3304 525 3358 diximus.
541 3302 654 3359 Ovidius
665 3314 771 3370 autem,
783 3302 822 3355 di·
871 3306 1030 3372 mendicus,
1048 3305 1157 3359 celebris
1178 3304 1296 3357 carmine
1318 3304 1388 3358 Ho-

243 3378 246 3383 ⁶
307 3404 413 3451 versos,
432 3382 509 3437 Sinin
522 3394 549 3435 et
560 3382 649 3451 bunc,
667 3379 699 3435 de
712 3388 766 3451 qub
779 3380 823 3433 bic
871 3386 947 3441 meri.
960 3384 1053 3439 Hicin
1067 3382 1242 3436 mendicitatis
1258 3382 1388 3452 objurga-

308 3464 421 3529 dicitur,
434 3462 638 3534 Pityocarnpten
650 3458 737 3513 lacere
747 3457 824 3512 vide·
872 3466 973 3521 tionem
986 3482 1091 3531 ,emper
1102 3459 1388 3529 &fidene-Bima.

309 3550 369 3596 tur:
383 3558 466 3610 quum
475 3538 656 3609 supraSinin,
669 3557 718 3591 suo
727 3556 757 3591 ac
764 3556 823 3607 pro·
871 3550 913 3597 ais
924 3543 1037 3607 dieitur,
1055 3538 1180 3609 qnoniam
1197 3540 1304 3592 Ameus
1319 3536 1388 3593 olim

308 3619 367 3689 prio
382 3620 508 3686 nomine,
522 3618 565 3673 bic
580 3630 668 3671 aulem
679 3657 687 3685 ‚
700 3636 762 3671 eum
776 3616 823 3687 qul
873 3634 913 3677 est
926 3622 1071 3690 adpellatus
1083 3638 1098 3672 a
1110 3628 1195 3671 matre
1211 3638 1218 3672 :
1235 3617 1282 3671 sed
1299 3618 1388 3671 dictus

308 3700 415 3753 arbores
425 3698 452 3751 in
462 3710 561 3752 terram
571 3706 702 3763 curvatas,
714 3714 822 3750 rursum
873 3704 933 3756 leus
945 3702 978 3755 ab
991 3699 1064 3766 aliis,
1082 3718 1098 3753 a
1109 3697 1266 3768 loquacitate
1277 3696 1388 3751 mendi-

310 3781 337 3834 in
352 3800 427 3833 auras
442 3778 544 3846 emisit,
560 3778 699 3847 subpresso
712 3776 822 3831 nomine
873 3779 960 3835 candi.

310 3859 434 3929 posuerit
905 3860 964 3924 luo.
973 3858 1070 3924 (lur'pne
1077 3864 1278 3923 emmonem,
1290 3858 1391 3922 qur'tr'br'

344 3943 400 4007 4¹²·
407 3942 524 4009 ‘Epirotis
531 3941 684 4006 adspr'crens.
692 3937 773 3991 Forte
778 3938 825 3989 ad·
872 3937 1020 4004 majorem.
1035 3936 1132 3989 Terreat
1144 3934 1233 4003 scripti
1247 3951 1344 4001 magna
1355 3952 1390 3985 ex

308 4037 437 4086 sperpens,
448 4017 538 4071 laceris
549 4035 647 4085 nempe
655 4012 823 4085 corporibus,
873 4023 948 4085 parte
959 4034 968 4076 ς
981 4023 1009 4065 et
1019 4023 1107 4078 recte,
1119 4030 1184 4065 narrt
1194 4010 1330 4065 mendicos
1340 4009 1388 4062 in-

309 4097 351 4150 vel
363 4097 507 4165 infestam
527 4112 590 4147 nam
605 4092 632 4146 in
648 4092 737 4147 multis
750 4104 826 4147 vete·
875 4090 982 4159 telligit3
996 4088 1078 4145 iidem
1094 4089 1152 4144 cod.
1168 4108 1223 4158 paor
1236 4093 1285 4143 ribi
1294 4087 1389 4155 uapor.

311 4195 372 4229 rum
392 4186 431 4229 est
448 4178 624 4243 adspectans,
645 4176 779 4242 adspectu
797 4182 825 4226 et
874 4168 966 4224 Scribe
975 4190 1030 4240 pue
1039 4167 1169 4237 tibr’pejor
1176 4174 1239 4230 err't,
1254 4178 1282 4221 et
1290 4164 1323 4219 ad
1330 4166 1390 4219 sor·

308 4265 467 4323 exspectans.
480 4252 581 4307 Herus.
874 4260 967 4301 tunam
975 4246 1082 4303 relerJ‘*
1081 4256 1168 4301 rostra
1176 4254 1390 4301 seexercuerunt
