<?xml version="1.0" encoding="UTF-8"?>
<!DOCTYPE html PUBLIC "-//W3C//DTD XHTML 1.0 Transitional//EN"
    "http://www.w3.org/TR/xhtml1/DTD/xhtml1-transitional.dtd">
<html xmlns="http://www.w3.org/1999/xhtml" xml:lang="en" lang="en">
 <head>
  <title>
</title>
<meta http-equiv="Content-Type" content="text/html;charset=utf-8" />
  <meta name='ocr-system' content='tesseract 3.04.00' />
  <meta name='ocr-capabilities' content='ocr_page ocr_carea ocr_par ocr_line ocrx_word'/>
</head>
<body>
  <div class='ocr_page' id='page_1' title='image "./publiiovidiinas01unkngoog/publiiovidiinas01unkngoog_0140.png"; bbox 0 0 3017 5000; ppageno 0'>
   <div class='ocr_carea' id='block_1_1' title="bbox 429 470 1225 622">
    <p class='ocr_par' dir='ltr' id='par_1_1' title="bbox 429 470 1225 622">
     <span class='ocr_line' id='line_1_1' title="bbox 429 470 1225 622; baseline 0.004 -29"><span class='ocrx_word' id='word_1_1' title='bbox 429 524 527 594; x_wconf 80' lang='lat' dir='ltr'>rra</span> <span class='ocrx_word' id='word_1_2' title='bbox 553 528 586 593; x_wconf 83' lang='lat' dir='ltr'>s.</span> <span class='ocrx_word' id='word_1_3' title='bbox 618 524 849 595; x_wconf 73' lang='lat' dir='ltr'>Mussou.</span> <span class='ocrx_word' id='word_1_4' title='bbox 1120 550 1182 622; x_wconf 59' lang='grc' dir='ltr'>ης,</span> <span class='ocrx_word' id='word_1_5' title='bbox 1220 470 1225 477; x_wconf 51' lang='grc'><strong>’</strong></span> 
     </span>
    </p>
   </div>
   <div class='ocr_carea' id='block_1_2' title="bbox 42 666 1249 3658">
    <p class='ocr_par' dir='ltr' id='par_1_2' title="bbox 263 666 853 829">
     <span class='ocr_line' id='line_1_2' title="bbox 263 666 853 755; baseline 0.003 -33"><span class='ocrx_word' id='word_1_6' title='bbox 263 666 345 723; x_wconf 85' lang='lat' dir='ltr'>Hane</span> <span class='ocrx_word' id='word_1_7' title='bbox 354 686 402 735; x_wconf 61' lang='lat' dir='ltr'>eeu</span> <span class='ocrx_word' id='word_1_8' title='bbox 413 672 507 723; x_wconf 79' lang='lat' dir='ltr'>rrr&#39;Ir&#39;tla</span> <span class='ocrx_word' id='word_1_9' title='bbox 517 667 626 733; x_wconf 84' lang='lat' dir='ltr'>sedern,</span> <span class='ocrx_word' id='word_1_10' title='bbox 640 676 669 723; x_wconf 81' lang='lat' dir='ltr'>Iu</span> <span class='ocrx_word' id='word_1_11' title='bbox 676 686 744 737; x_wconf 78' lang='lat' dir='ltr'>poce</span> <span class='ocrx_word' id='word_1_12' title='bbox 756 669 853 755; x_wconf 72' lang='lat' dir='ltr'>parasti</span> 
     </span>
     <span class='ocr_line' id='line_1_3' title="bbox 297 758 801 829; baseline -0.002 -16"><span class='ocrx_word' id='word_1_13' title='bbox 297 760 375 813; x_wconf 87' lang='lat' dir='ltr'>Inter</span> <span class='ocrx_word' id='word_1_14' title='bbox 386 764 524 829; x_wconf 65' lang='lat' dir='ltr'>terquinos</span> <span class='ocrx_word' id='word_1_15' title='bbox 534 778 596 813; x_wconf 85' lang='lat' dir='ltr'>usus</span> <span class='ocrx_word' id='word_1_16' title='bbox 608 758 711 813; x_wconf 82' lang='lat' dir='ltr'>honore</span> <span class='ocrx_word' id='word_1_17' title='bbox 724 765 801 815; x_wconf 86' lang='lat' dir='ltr'>or&#39;ros.</span> 
     </span>
    </p>

    <p class='ocr_par' dir='ltr' id='par_1_3' title="bbox 42 872 1227 1799">
     <span class='ocr_line' id='line_1_4' title="bbox 116 872 1185 978; baseline 0.006 -31"><span class='ocrx_word' id='word_1_18' title='bbox 116 872 164 947; x_wconf 89' lang='lat' dir='ltr'>obi</span> <span class='ocrx_word' id='word_1_19' title='bbox 179 874 362 975; x_wconf 74' lang='lat' dir='ltr'><strong>prasertim</strong></span> <span class='ocrx_word' id='word_1_20' title='bbox 379 874 647 969; x_wconf 82' lang='lat' dir='ltr'>investigandum</span> <span class='ocrx_word' id='word_1_21' title='bbox 671 904 823 976; x_wconf 77' lang='lat' dir='ltr'><strong>quaenam</strong></span> <span class='ocrx_word' id='word_1_22' title='bbox 840 876 885 949; x_wconf 84' lang='lat' dir='ltr'>sit</span> <span class='ocrx_word' id='word_1_23' title='bbox 902 874 962 949; x_wconf 87' lang='lat' dir='ltr'>illa</span> <span class='ocrx_word' id='word_1_24' title='bbox 977 876 1085 964; x_wconf 82' lang='lat' dir='ltr'>sedes,</span> <span class='ocrx_word' id='word_1_25' title='bbox 1110 908 1185 978; x_wconf 78' lang='lat' dir='ltr'>que</span> 
     </span>
     <span class='ocr_line' id='line_1_5' title="bbox 114 988 1184 1093; baseline 0.005 -31.622"><span class='ocrx_word' id='word_1_26' title='bbox 114 988 231 1065; x_wconf 82' lang='lat' dir='ltr'>inludis</span> <span class='ocrx_word' id='word_1_27' title='bbox 249 991 384 1077; x_wconf 80' lang='lat' dir='ltr'>eadem,</span> <span class='ocrx_word' id='word_1_28' title='bbox 401 991 459 1065; x_wconf 89' lang='lat' dir='ltr'>sed</span> <span class='ocrx_word' id='word_1_29' title='bbox 471 1020 512 1065; x_wconf 82' lang='lat' dir='ltr'>ex</span> <span class='ocrx_word' id='word_1_30' title='bbox 527 991 618 1065; x_wconf 86' lang='lat' dir='ltr'>vario</span> <span class='ocrx_word' id='word_1_31' title='bbox 633 992 724 1090; x_wconf 88' lang='lat' dir='ltr'>jure,</span> <span class='ocrx_word' id='word_1_32' title='bbox 744 992 880 1093; x_wconf 89' lang='lat' dir='ltr'>utrique</span> <span class='ocrx_word' id='word_1_33' title='bbox 897 992 1044 1089; x_wconf 82' lang='lat' dir='ltr'>obtigit:</span> <span class='ocrx_word' id='word_1_34' title='bbox 1059 994 1184 1067; x_wconf 87' lang='lat' dir='ltr'>Ovidio</span> 
     </span>
     <span class='ocr_line' id='line_1_6' title="bbox 42 1106 1185 1211; baseline 0.007 -34"><span class='ocrx_word' id='word_1_35' title='bbox 42 1162 43 1207; x_wconf 43' lang='lat' dir='ltr'>p</span> <span class='ocrx_word' id='word_1_36' title='bbox 114 1106 256 1195; x_wconf 83' lang='lat' dir='ltr'>nimirum</span> <span class='ocrx_word' id='word_1_37' title='bbox 271 1107 366 1208; x_wconf 93' lang='lat' dir='ltr'>quod</span> <span class='ocrx_word' id='word_1_38' title='bbox 379 1134 419 1181; x_wconf 81' lang='lat' dir='ltr'>ex</span> <span class='ocrx_word' id='word_1_39' title='bbox 431 1107 604 1183; x_wconf 80' lang='lat' dir='ltr'>decemrr&#39;ris</span> <span class='ocrx_word' id='word_1_40' title='bbox 612 1107 731 1197; x_wconf 87' lang='lat' dir='ltr'>luerit,</span> <span class='ocrx_word' id='word_1_41' title='bbox 743 1106 838 1183; x_wconf 87' lang='lat' dir='ltr'>alteri</span> <span class='ocrx_word' id='word_1_42' title='bbox 851 1138 930 1183; x_wconf 90' lang='lat' dir='ltr'>vero</span> <span class='ocrx_word' id='word_1_43' title='bbox 943 1108 1082 1199; x_wconf 89' lang='lat' dir='ltr'>seniori,</span> <span class='ocrx_word' id='word_1_44' title='bbox 1092 1112 1185 1211; x_wconf 90' lang='lat' dir='ltr'>qnod</span> 
     </span>
     <span class='ocr_line' id='line_1_7' title="bbox 113 1220 497 1299; baseline 0.013 -5.064"><span class='ocrx_word' id='word_1_45' title='bbox 113 1220 188 1297; x_wconf 83' lang='lat' dir='ltr'>illam</span> <span class='ocrx_word' id='word_1_46' title='bbox 203 1224 313 1297; x_wconf 76' lang='lat' dir='ltr'>mr&#39;lr&#39;tr&#39;o</span> <span class='ocrx_word' id='word_1_47' title='bbox 329 1224 497 1299; x_wconf 84' lang='lat' dir='ltr'>meruerit.</span> 
     </span>
     <span class='ocr_line' id='line_1_8' title="bbox 42 1338 1186 1442; baseline 0.009 -34"><span class='ocrx_word' id='word_1_48' title='bbox 42 1366 43 1437; x_wconf 61' lang='lat' dir='ltr'>J</span> <span class='ocrx_word' id='word_1_49' title='bbox 155 1365 181 1411; x_wconf 89' lang='lat'>1.</span> <span class='ocrx_word' id='word_1_50' title='bbox 207 1338 290 1413; x_wconf 90' lang='lat' dir='ltr'>ldeo</span> <span class='ocrx_word' id='word_1_51' title='bbox 313 1340 478 1441; x_wconf 81' lang='lat' dir='ltr'>imprimis</span> <span class='ocrx_word' id='word_1_52' title='bbox 498 1340 758 1428; x_wconf 72' lang='lat' dir='ltr'>observarent,</span> <span class='ocrx_word' id='word_1_53' title='bbox 783 1339 892 1427; x_wconf 79' lang='lat' dir='ltr'>ludos,</span> <span class='ocrx_word' id='word_1_54' title='bbox 920 1341 961 1415; x_wconf 88' lang='lat' dir='ltr'>de</span> <span class='ocrx_word' id='word_1_55' title='bbox 978 1343 1104 1442; x_wconf 88' lang='lat' dir='ltr'>quibos</span> <span class='ocrx_word' id='word_1_56' title='bbox 1119 1344 1186 1418; x_wconf 87' lang='lat' dir='ltr'>hoc</span> 
     </span>
     <span class='ocr_line' id='line_1_9' title="bbox 42 1452 1185 1561; baseline 0.006 -35"><span class='ocrx_word' id='word_1_57' title='bbox 42 1544 43 1561; x_wconf 18' lang='grc' dir='ltr'>ἢ</span> <span class='ocrx_word' id='word_1_58' title='bbox 115 1452 176 1527; x_wconf 90' lang='lat' dir='ltr'>loco</span> <span class='ocrx_word' id='word_1_59' title='bbox 190 1455 322 1551; x_wconf 81' lang='lat' dir='ltr'>agitur,</span> <span class='ocrx_word' id='word_1_60' title='bbox 339 1454 453 1545; x_wconf 89' lang='lat' dir='ltr'>nullos</span> <span class='ocrx_word' id='word_1_61' title='bbox 472 1483 543 1531; x_wconf 87' lang='lat' dir='ltr'>esse</span> <span class='ocrx_word' id='word_1_62' title='bbox 558 1455 642 1531; x_wconf 88' lang='lat' dir='ltr'>alios</span> <span class='ocrx_word' id='word_1_63' title='bbox 659 1473 880 1559; x_wconf 75' lang='lat' dir='ltr'>preterquam</span> <span class='ocrx_word' id='word_1_64' title='bbox 893 1457 1106 1557; x_wconf 65' lang='lat' dir='ltr'>Megalenses,</span> <span class='ocrx_word' id='word_1_65' title='bbox 1126 1490 1185 1535; x_wconf 86' lang='lat' dir='ltr'>seu</span> 
     </span>
     <span class='ocr_line' id='line_1_10' title="bbox 42 1573 1186 1674; baseline 0.004 -27"><span class='ocrx_word' id='word_1_66' title='bbox 42 1646 44 1659; x_wconf 14' lang='grc' dir='ltr'>ᾗ</span> <span class='ocrx_word' id='word_1_67' title='bbox 116 1573 328 1673; x_wconf 70' lang='lat' dir='ltr'>Megalesium</span> <span class='ocrx_word' id='word_1_68' title='bbox 342 1601 470 1669; x_wconf 78' lang='lat' dir='ltr'>magne</span> <span class='ocrx_word' id='word_1_69' title='bbox 485 1574 584 1649; x_wconf 85' lang='lat' dir='ltr'>matri</span> <span class='ocrx_word' id='word_1_70' title='bbox 594 1574 740 1663; x_wconf 84' lang='lat' dir='ltr'>dicatos,</span> <span class='ocrx_word' id='word_1_71' title='bbox 759 1574 800 1649; x_wconf 93' lang='lat' dir='ltr'>de</span> <span class='ocrx_word' id='word_1_72' title='bbox 810 1574 937 1674; x_wconf 89' lang='lat' dir='ltr'>quibus</span> <span class='ocrx_word' id='word_1_73' title='bbox 946 1575 1030 1651; x_wconf 89' lang='lat' dir='ltr'>solis</span> <span class='ocrx_word' id='word_1_74' title='bbox 1042 1577 1186 1667; x_wconf 67' lang='lat' dir='ltr'>Ouidius</span> 
     </span>
     <span class='ocr_line' id='line_1_11' title="bbox 113 1690 1227 1799; baseline 0.007 -36.521"><span class='ocrx_word' id='word_1_75' title='bbox 113 1708 177 1764; x_wconf 80' lang='lat' dir='ltr'>ante</span> <span class='ocrx_word' id='word_1_76' title='bbox 192 1690 328 1767; x_wconf 88' lang='lat' dir='ltr'>locutus</span> <span class='ocrx_word' id='word_1_77' title='bbox 344 1690 468 1779; x_wconf 84' lang='lat' dir='ltr'>fuerat,</span> <span class='ocrx_word' id='word_1_78' title='bbox 488 1708 522 1763; x_wconf 88' lang='lat' dir='ltr'>et</span> <span class='ocrx_word' id='word_1_79' title='bbox 535 1718 680 1791; x_wconf 85' lang='lat' dir='ltr'>quorum</span> <span class='ocrx_word' id='word_1_80' title='bbox 697 1690 840 1790; x_wconf 82' lang='lat' dir='ltr'>proinde</span> <span class='ocrx_word' id='word_1_81' title='bbox 851 1690 986 1765; x_wconf 84' lang='lat' dir='ltr'>illa&#39;fuit</span> <span class='ocrx_word' id='word_1_82' title='bbox 1001 1694 1091 1767; x_wconf 69' lang='lat' dir='ltr'>tortrix</span> <span class='ocrx_word' id='word_1_83' title='bbox 1102 1695 1179 1782; x_wconf 70' lang='lat' dir='ltr'>lux,</span> <span class='ocrx_word' id='word_1_84' title='bbox 1222 1790 1227 1799; x_wconf 86' lang='lat'><strong>.</strong></span> 
     </span>
    </p>

    <p class='ocr_par' dir='ltr' id='par_1_4' title="bbox 113 1803 1185 1905">
     <span class='ocr_line' id='line_1_12' title="bbox 113 1803 1185 1905; baseline 0.005 -28"><span class='ocrx_word' id='word_1_85' title='bbox 113 1805 169 1879; x_wconf 88' lang='lat' dir='ltr'>sire</span> <span class='ocrx_word' id='word_1_86' title='bbox 185 1805 276 1893; x_wconf 89' lang='lat' dir='ltr'>dies,</span> <span class='ocrx_word' id='word_1_87' title='bbox 299 1833 399 1905; x_wconf 88' lang='lat' dir='ltr'>quam</span> <span class='ocrx_word' id='word_1_88' title='bbox 426 1833 517 1879; x_wconf 89' lang='lat' dir='ltr'>nnnc</span> <span class='ocrx_word' id='word_1_89' title='bbox 544 1804 660 1899; x_wconf 80' lang='lat' dir='ltr'>tangit.</span> <span class='ocrx_word' id='word_1_90' title='bbox 688 1803 760 1877; x_wconf 87' lang='lat' dir='ltr'>Soli</span> <span class='ocrx_word' id='word_1_91' title='bbox 788 1804 886 1878; x_wconf 86' lang='lat' dir='ltr'>etiam</span> <span class='ocrx_word' id='word_1_92' title='bbox 913 1805 950 1877; x_wconf 84' lang='lat' dir='ltr'>hi</span> <span class='ocrx_word' id='word_1_93' title='bbox 975 1803 1048 1879; x_wconf 91' lang='lat' dir='ltr'>ludi</span> <span class='ocrx_word' id='word_1_94' title='bbox 1071 1836 1185 1883; x_wconf 88' lang='lat' dir='ltr'>mense</span> 
     </span>
    </p>

    <p class='ocr_par' dir='ltr' id='par_1_5' title="bbox 112 1920 1185 2022">
     <span class='ocr_line' id='line_1_13' title="bbox 112 1920 1185 2022; baseline 0.004 -29"><span class='ocrx_word' id='word_1_95' title='bbox 112 1921 207 2021; x_wconf 80' lang='lat' dir='ltr'>Aprili</span> <span class='ocrx_word' id='word_1_96' title='bbox 225 1939 306 1995; x_wconf 88' lang='lat' dir='ltr'>ante</span> <span class='ocrx_word' id='word_1_97' title='bbox 325 1920 486 2007; x_wconf 77' lang='lat' dir='ltr'><em>Cereales,</em></span> <span class='ocrx_word' id='word_1_98' title='bbox 506 1948 592 2022; x_wconf 89' lang='lat' dir='ltr'>quos</span> <span class='ocrx_word' id='word_1_99' title='bbox 611 1922 703 1994; x_wconf 86' lang='lat' dir='ltr'>Naso</span> <span class='ocrx_word' id='word_1_100' title='bbox 716 1921 863 2018; x_wconf 77' lang='lat' dir='ltr'>proxime</span> <span class='ocrx_word' id='word_1_101' title='bbox 879 1940 959 2021; x_wconf 91' lang='lat' dir='ltr'>post</span> <span class='ocrx_word' id='word_1_102' title='bbox 978 1923 1042 1995; x_wconf 91' lang='lat' dir='ltr'>hos</span> <span class='ocrx_word' id='word_1_103' title='bbox 1062 1923 1185 1998; x_wconf 87' lang='lat' dir='ltr'>descri-</span> 
     </span>
    </p>

    <p class='ocr_par' dir='ltr' id='par_1_6' title="bbox 42 2036 1249 2257">
     <span class='ocr_line' id='line_1_14' title="bbox 112 2036 1187 2141; baseline 0.007 -30"><span class='ocrx_word' id='word_1_104' title='bbox 112 2038 170 2127; x_wconf 88' lang='lat' dir='ltr'>bit,</span> <span class='ocrx_word' id='word_1_105' title='bbox 186 2070 248 2141; x_wconf 88' lang='lat' dir='ltr'>per</span> <span class='ocrx_word' id='word_1_106' title='bbox 264 2038 380 2141; x_wconf 90' lang='lat' dir='ltr'>plnres</span> <span class='ocrx_word' id='word_1_107' title='bbox 393 2039 463 2114; x_wconf 91' lang='lat' dir='ltr'>dics</span> <span class='ocrx_word' id='word_1_108' title='bbox 476 2038 613 2114; x_wconf 87' lang='lat' dir='ltr'>fuerunt</span> <span class='ocrx_word' id='word_1_109' title='bbox 630 2036 805 2127; x_wconf 88' lang='lat' dir='ltr'>celebrati,</span> <span class='ocrx_word' id='word_1_110' title='bbox 823 2068 841 2113; x_wconf 84' lang='lat' dir='ltr'>a</span> <span class='ocrx_word' id='word_1_111' title='bbox 857 2037 966 2140; x_wconf 85' lang='lat' dir='ltr'>pridie</span> <span class='ocrx_word' id='word_1_112' title='bbox 983 2039 1054 2117; x_wconf 90' lang='lat' dir='ltr'>scil.</span> <span class='ocrx_word' id='word_1_113' title='bbox 1071 2046 1187 2119; x_wconf 85' lang='lat' dir='ltr'>Nonas</span> 
     </span>
     <span class='ocr_line' id='line_1_15' title="bbox 42 2144 1249 2257; baseline 0.005 -30"><span class='ocrx_word' id='word_1_114' title='bbox 42 2144 43 2211; x_wconf 64' lang='grc' dir='ltr'>Ϊ</span> <span class='ocrx_word' id='word_1_115' title='bbox 112 2152 179 2227; x_wconf 81' lang='lat' dir='ltr'>adv</span> <span class='ocrx_word' id='word_1_116' title='bbox 195 2155 278 2229; x_wconf 92' lang='lat' dir='ltr'>ldus</span> <span class='ocrx_word' id='word_1_117' title='bbox 296 2154 454 2257; x_wconf 83' lang='lat' dir='ltr'>Apriles,</span> <span class='ocrx_word' id='word_1_118' title='bbox 471 2155 522 2246; x_wconf 91' lang='lat' dir='ltr'>uti</span> <span class='ocrx_word' id='word_1_119' title='bbox 541 2184 580 2229; x_wconf 87' lang='lat' dir='ltr'>ex</span> <span class='ocrx_word' id='word_1_120' title='bbox 593 2154 795 2229; x_wconf 83' lang='lat' dir='ltr'>kalendariis</span> <span class='ocrx_word' id='word_1_121' title='bbox 815 2165 823 2193; x_wconf 93' lang='lat'><em>¹</em></span> <span class='ocrx_word' id='word_1_122' title='bbox 838 2156 1007 2231; x_wconf 88' lang='lat' dir='ltr'>veteribus</span> <span class='ocrx_word' id='word_1_123' title='bbox 1021 2174 1134 2257; x_wconf 83' lang='lat' dir='ltr'>patet,</span> <span class='ocrx_word' id='word_1_124' title='bbox 1149 2160 1185 2233; x_wconf 89' lang='lat' dir='ltr'>in</span> <span class='ocrx_word' id='word_1_125' title='bbox 1246 2194 1249 2201; x_wconf 95' lang='lat'>·</span> 
     </span>
    </p>

    <p class='ocr_par' dir='ltr' id='par_1_7' title="bbox 42 2269 1186 2608">
     <span class='ocr_line' id='line_1_16' title="bbox 113 2269 1182 2373; baseline 0.007 -30"><span class='ocrx_word' id='word_1_126' title='bbox 113 2270 276 2370; x_wconf 82' lang='lat' dir='ltr'>quibusad</span> <span class='ocrx_word' id='word_1_127' title='bbox 286 2271 373 2372; x_wconf 90' lang='lat' dir='ltr'>prid.</span> <span class='ocrx_word' id='word_1_128' title='bbox 388 2274 477 2345; x_wconf 86' lang='lat' dir='ltr'>Non.</span> <span class='ocrx_word' id='word_1_129' title='bbox 492 2269 601 2372; x_wconf 89' lang='lat' dir='ltr'>April.</span> <span class='ocrx_word' id='word_1_130' title='bbox 617 2272 802 2373; x_wconf 83' lang='lat' dir='ltr'>apponitur</span> <span class='ocrx_word' id='word_1_131' title='bbox 815 2302 824 2345; x_wconf 77' lang='grc' dir='ltr'>ε</span> <span class='ocrx_word' id='word_1_132' title='bbox 839 2274 937 2345; x_wconf 82' lang='lat' dir='ltr'><strong>LUDI</strong></span> <span class='ocrx_word' id='word_1_133' title='bbox 948 2274 1068 2347; x_wconf 72' lang='lat' dir='ltr'>Mum.</span> <span class='ocrx_word' id='word_1_134' title='bbox 1082 2277 1182 2349; x_wconf 77' lang='lat' dir='ltr'>MAG.</span> 
     </span>
     <span class='ocr_line' id='line_1_17' title="bbox 42 2383 1186 2489; baseline 0.006 -31"><span class='ocrx_word' id='word_1_135' title='bbox 42 2465 43 2473; x_wconf 46' lang='lat'>,</span> <span class='ocrx_word' id='word_1_136' title='bbox 111 2383 153 2459; x_wconf 81' lang='lat' dir='ltr'>rel</span> <span class='ocrx_word' id='word_1_137' title='bbox 167 2385 261 2459; x_wconf 79' lang='lat' dir='ltr'>Ludi</span> <span class='ocrx_word' id='word_1_138' title='bbox 269 2386 496 2487; x_wconf 69' lang='lat' dir='ltr'>Illegulesr&#39;ucr‘,</span> <span class='ocrx_word' id='word_1_139' title='bbox 519 2406 552 2461; x_wconf 89' lang='lat' dir='ltr'>et</span> <span class='ocrx_word' id='word_1_140' title='bbox 561 2386 800 2489; x_wconf 81' lang='lat' dir='ltr'>¹producuntur</span> <span class='ocrx_word' id='word_1_141' title='bbox 812 2384 853 2462; x_wconf 87' lang='lat' dir='ltr'>ad</span> <span class='ocrx_word' id='word_1_142' title='bbox 870 2406 894 2457; x_wconf 85' lang='lat' dir='ltr'>v</span> <span class='ocrx_word' id='word_1_143' title='bbox 911 2386 1008 2472; x_wconf 90' lang='lat' dir='ltr'>ldns,</span> <span class='ocrx_word' id='word_1_144' title='bbox 1023 2390 1186 2488; x_wconf 83' lang='lat' dir='ltr'>appositis</span> 
     </span>
     <span class='ocr_line' id='line_1_18' title="bbox 110 2500 1186 2605; baseline 0.007 -32.524"><span class='ocrx_word' id='word_1_145' title='bbox 110 2500 212 2576; x_wconf 80' lang='lat' dir='ltr'>iisdem</span> <span class='ocrx_word' id='word_1_146' title='bbox 232 2501 425 2591; x_wconf 85' lang='lat' dir='ltr'>vocabulis,</span> <span class='ocrx_word' id='word_1_147' title='bbox 446 2503 491 2578; x_wconf 87' lang='lat' dir='ltr'>ad</span> <span class='ocrx_word' id='word_1_148' title='bbox 507 2504 667 2578; x_wconf 90' lang='lat' dir='ltr'>indicium</span> <span class='ocrx_word' id='word_1_149' title='bbox 684 2503 784 2605; x_wconf 86' lang='lat' dir='ltr'>spatii</span> <span class='ocrx_word' id='word_1_150' title='bbox 808 2503 955 2591; x_wconf 87' lang='lat' dir='ltr'>dierum,</span> <span class='ocrx_word' id='word_1_151' title='bbox 981 2505 1106 2603; x_wconf 88' lang='lat' dir='ltr'>quibus</span> <span class='ocrx_word' id='word_1_152' title='bbox 1128 2507 1186 2582; x_wconf 85' lang='lat' dir='ltr'>isti</span> 
     </span>
    </p>

    <p class='ocr_par' dir='ltr' id='par_1_8' title="bbox 112 2615 474 2691">
     <span class='ocr_line' id='line_1_19' title="bbox 112 2615 474 2691; baseline 0.008 -4"><span class='ocrx_word' id='word_1_153' title='bbox 112 2615 376 2691; x_wconf 79' lang='lat' dir='ltr'>continuarentur</span> <span class='ocrx_word' id='word_1_154' title='bbox 392 2616 474 2691; x_wconf 88' lang='lat' dir='ltr'>ludi.</span> 
     </span>
    </p>

    <p class='ocr_par' dir='ltr' id='par_1_9' title="bbox 151 2734 1184 2836">
     <span class='ocr_line' id='line_1_20' title="bbox 151 2734 1184 2836; baseline 0.007 -30"><span class='ocrx_word' id='word_1_155' title='bbox 151 2737 264 2836; x_wconf 88' lang='lat' dir='ltr'>ltaque</span> <span class='ocrx_word' id='word_1_156' title='bbox 280 2736 370 2808; x_wconf 83' lang='lat' dir='ltr'>tertio</span> <span class='ocrx_word' id='word_1_157' title='bbox 384 2736 444 2806; x_wconf 74' lang='lat' dir='ltr'>lue</span> <span class='ocrx_word' id='word_1_158' title='bbox 456 2735 540 2806; x_wconf 81' lang='lat' dir='ltr'>ludis</span> <span class='ocrx_word' id='word_1_159' title='bbox 555 2734 644 2834; x_wconf 86' lang='lat' dir='ltr'>apud</span> <span class='ocrx_word' id='word_1_160' title='bbox 663 2735 824 2808; x_wconf 87' lang='lat' dir='ltr'>Ovidium</span> <span class='ocrx_word' id='word_1_161' title='bbox 842 2734 932 2806; x_wconf 88' lang='lat' dir='ltr'>idem</span> <span class='ocrx_word' id='word_1_162' title='bbox 948 2753 998 2808; x_wconf 88' lang='lat' dir='ltr'>est</span> <span class='ocrx_word' id='word_1_163' title='bbox 1011 2764 1049 2808; x_wconf 85' lang='lat' dir='ltr'>ac</span> <span class='ocrx_word' id='word_1_164' title='bbox 1066 2738 1184 2826; x_wconf 86' lang='lat' dir='ltr'>tertius</span> 
     </span>
    </p>

    <p class='ocr_par' dir='ltr' id='par_1_10' title="bbox 112 2845 1185 2947">
     <span class='ocr_line' id='line_1_21' title="bbox 112 2845 1185 2947; baseline 0.007 -29"><span class='ocrx_word' id='word_1_165' title='bbox 112 2845 173 2923; x_wconf 87' lang='lat' dir='ltr'>dics</span> <span class='ocrx_word' id='word_1_166' title='bbox 189 2848 348 2922; x_wconf 89' lang='lat' dir='ltr'>ludorum</span> <span class='ocrx_word' id='word_1_167' title='bbox 360 2847 624 2944; x_wconf 83' lang='lat' dir='ltr'>Megalensium,</span> <span class='ocrx_word' id='word_1_168' title='bbox 644 2847 711 2921; x_wconf 86' lang='lat' dir='ltr'>sive</span> <span class='ocrx_word' id='word_1_169' title='bbox 724 2866 793 2920; x_wconf 85' lang='lat' dir='ltr'>Vltt</span> <span class='ocrx_word' id='word_1_170' title='bbox 809 2847 892 2919; x_wconf 86' lang='lat' dir='ltr'>Idus</span> <span class='ocrx_word' id='word_1_171' title='bbox 907 2847 1054 2947; x_wconf 86' lang='lat' dir='ltr'>Aprilis,</span> <span class='ocrx_word' id='word_1_172' title='bbox 1072 2870 1131 2925; x_wconf 87' lang='lat' dir='ltr'>aut</span> <span class='ocrx_word' id='word_1_173' title='bbox 1143 2871 1185 2926; x_wconf 80' lang='lat' dir='ltr'>vt</span> 
     </span>
    </p>

    <p class='ocr_par' dir='ltr' id='par_1_11' title="bbox 110 2963 1184 3065">
     <span class='ocr_line' id='line_1_22' title="bbox 110 2963 1184 3065; baseline 0.007 -29"><span class='ocrx_word' id='word_1_174' title='bbox 110 2963 226 3065; x_wconf 89' lang='lat' dir='ltr'>Aprilis</span> <span class='ocrx_word' id='word_1_175' title='bbox 239 2965 331 3054; x_wconf 89' lang='lat' dir='ltr'>dies,</span> <span class='ocrx_word' id='word_1_176' title='bbox 348 2993 417 3038; x_wconf 93' lang='lat' dir='ltr'>non</span> <span class='ocrx_word' id='word_1_177' title='bbox 428 2993 506 3039; x_wconf 88' lang='lat' dir='ltr'>vero</span> <span class='ocrx_word' id='word_1_178' title='bbox 520 2982 589 3038; x_wconf 86' lang='lat' dir='ltr'>vltl</span> <span class='ocrx_word' id='word_1_179' title='bbox 605 2963 750 3062; x_wconf 87' lang='lat' dir='ltr'>ejusdem</span> <span class='ocrx_word' id='word_1_180' title='bbox 761 2964 903 3051; x_wconf 81' lang='lat' dir='ltr'>mensis,</span> <span class='ocrx_word' id='word_1_181' title='bbox 919 2984 958 3037; x_wconf 90' lang='lat' dir='ltr'>ut</span> <span class='ocrx_word' id='word_1_182' title='bbox 969 2966 1079 3042; x_wconf 90' lang='lat' dir='ltr'>doctis</span> <span class='ocrx_word' id='word_1_183' title='bbox 1091 2999 1184 3044; x_wconf 90' lang='lat' dir='ltr'>com-</span> 
     </span>
    </p>

    <p class='ocr_par' dir='ltr' id='par_1_12' title="bbox 112 3077 1181 3182">
     <span class='ocr_line' id='line_1_23' title="bbox 112 3077 1181 3182; baseline 0.006 -30"><span class='ocrx_word' id='word_1_184' title='bbox 112 3078 256 3177; x_wconf 81' lang='lat' dir='ltr'>pluribus</span> <span class='ocrx_word' id='word_1_185' title='bbox 272 3081 354 3154; x_wconf 84' lang='lat' dir='ltr'>riris</span> <span class='ocrx_word' id='word_1_186' title='bbox 371 3077 456 3154; x_wconf 90' lang='lat' dir='ltr'>male</span> <span class='ocrx_word' id='word_1_187' title='bbox 470 3081 596 3168; x_wconf 84' lang='lat' dir='ltr'>visum,</span> <span class='ocrx_word' id='word_1_188' title='bbox 616 3081 674 3182; x_wconf 92' lang='lat' dir='ltr'>qui</span> <span class='ocrx_word' id='word_1_189' title='bbox 692 3080 873 3182; x_wconf 86' lang='lat' dir='ltr'>putabant,</span> <span class='ocrx_word' id='word_1_190' title='bbox 892 3083 1010 3154; x_wconf 66' lang='lat' dir='ltr'>aaron</span> <span class='ocrx_word' id='word_1_191' title='bbox 1027 3083 1123 3156; x_wconf 83' lang='lat' dir='ltr'>lacem</span> <span class='ocrx_word' id='word_1_192' title='bbox 1138 3085 1181 3158; x_wconf 87' lang='lat' dir='ltr'>ab</span> 
     </span>
    </p>

    <p class='ocr_par' dir='ltr' id='par_1_13' title="bbox 112 3194 1180 3300">
     <span class='ocr_line' id='line_1_24' title="bbox 112 3194 1180 3300; baseline 0.01 -37"><span class='ocrx_word' id='word_1_193' title='bbox 112 3194 181 3296; x_wconf 85' lang='lat' dir='ltr'>ipsis</span> <span class='ocrx_word' id='word_1_194' title='bbox 196 3198 303 3288; x_wconf 81' lang='lat' dir='ltr'>Nouis</span> <span class='ocrx_word' id='word_1_195' title='bbox 318 3197 443 3271; x_wconf 84' lang='lat' dir='ltr'>Ovidio</span> <span class='ocrx_word' id='word_1_196' title='bbox 455 3197 647 3299; x_wconf 80' lang='lat' dir='ltr'>supputari3</span> <span class='ocrx_word' id='word_1_197' title='bbox 664 3197 756 3300; x_wconf 90' lang='lat' dir='ltr'>quod</span> <span class='ocrx_word' id='word_1_198' title='bbox 767 3214 817 3294; x_wconf 74' lang='lat' dir='ltr'>est</span> <span class='ocrx_word' id='word_1_199' title='bbox 829 3214 952 3296; x_wconf 81' lang='lat' dir='ltr'>praeter</span> <span class='ocrx_word' id='word_1_200' title='bbox 970 3199 1041 3298; x_wconf 90' lang='lat' dir='ltr'>ejus</span> <span class='ocrx_word' id='word_1_201' title='bbox 1057 3201 1180 3274; x_wconf 82' lang='lat' dir='ltr'>verbo-</span> 
     </span>
    </p>

    <p class='ocr_par' dir='ltr' id='par_1_14' title="bbox 112 3317 975 3391">
     <span class='ocr_line' id='line_1_25' title="bbox 112 3317 975 3391; baseline 0.016 -5"><span class='ocrx_word' id='word_1_202' title='bbox 112 3340 174 3388; x_wconf 88' lang='lat' dir='ltr'>rum</span> <span class='ocrx_word' id='word_1_203' title='bbox 188 3317 299 3391; x_wconf 86' lang='lat' dir='ltr'>fidem.</span> <span class='ocrx_word' id='word_1_204' title='bbox 973 3362 975 3365; x_wconf 94' lang='lat'>·</span> 
     </span>
    </p>

    <p class='ocr_par' dir='ltr' id='par_1_15' title="bbox 112 3429 1179 3658">
     <span class='ocr_line' id='line_1_26' title="bbox 155 3429 1179 3530; baseline 0.008 -26"><span class='ocrx_word' id='word_1_205' title='bbox 155 3457 181 3506; x_wconf 83' lang='lat'>2.</span> <span class='ocrx_word' id='word_1_206' title='bbox 210 3433 340 3508; x_wconf 86' lang='lat' dir='ltr'>Deinde</span> <span class='ocrx_word' id='word_1_207' title='bbox 355 3433 563 3522; x_wconf 85' lang='lat' dir='ltr'>notandum,</span> <span class='ocrx_word' id='word_1_208' title='bbox 582 3431 791 3530; x_wconf 84' lang='lat' dir='ltr'>Megalenses</span> <span class='ocrx_word' id='word_1_209' title='bbox 806 3432 908 3505; x_wconf 91' lang='lat' dir='ltr'>hosce</span> <span class='ocrx_word' id='word_1_210' title='bbox 924 3429 1022 3506; x_wconf 92' lang='lat' dir='ltr'>ludos</span> <span class='ocrx_word' id='word_1_211' title='bbox 1041 3436 1179 3513; x_wconf 90' lang='lat' dir='ltr'>omuino</span> 
     </span>
     <span class='ocr_line' id='line_1_27' title="bbox 112 3547 1179 3658; baseline 0.006 -39"><span class='ocrx_word' id='word_1_212' title='bbox 112 3551 228 3625; x_wconf 79' lang='lat' dir='ltr'>scenicos</span> <span class='ocrx_word' id='word_1_213' title='bbox 239 3549 342 3625; x_wconf 85' lang='lat' dir='ltr'>luisse</span> <span class='ocrx_word' id='word_1_214' title='bbox 353 3607 363 3638; x_wconf 91' lang='lat'>,</span> <span class='ocrx_word' id='word_1_215' title='bbox 376 3569 480 3652; x_wconf 89' lang='lat' dir='ltr'>prout</span> <span class='ocrx_word' id='word_1_216' title='bbox 491 3555 617 3626; x_wconf 84' lang='lat' dir='ltr'>Noster</span> <span class='ocrx_word' id='word_1_217' title='bbox 627 3548 781 3651; x_wconf 88' lang='lat' dir='ltr'>superius</span> <span class='ocrx_word' id='word_1_218' title='bbox 798 3547 1073 3658; x_wconf 81' lang='lat' dir='ltr'>indicaverat,vs.</span> <span class='ocrx_word' id='word_1_219' title='bbox 1090 3553 1179 3658; x_wconf 86' lang='lat'>187:</span> 
     </span>
    </p>
   </div>
   <div class='ocr_carea' id='block_1_3' title="bbox 263 3699 995 3776">
    <p class='ocr_par' dir='ltr' id='par_1_16' title="bbox 263 3699 995 3776">
     <span class='ocr_line' id='line_1_28' title="bbox 263 3699 995 3776; baseline -0.005 -18"><span class='ocrx_word' id='word_1_220' title='bbox 263 3702 360 3776; x_wconf 66' lang='lat' dir='ltr'>Scaea</span> <span class='ocrx_word' id='word_1_221' title='bbox 371 3712 447 3756; x_wconf 80' lang='lat' dir='ltr'>sonat</span> <span class='ocrx_word' id='word_1_222' title='bbox 457 3740 465 3768; x_wconf 87' lang='lat'>,</span> <span class='ocrx_word' id='word_1_223' title='bbox 477 3701 585 3772; x_wconf 86' lang='lat' dir='ltr'>ludique</span> <span class='ocrx_word' id='word_1_224' title='bbox 597 3711 692 3754; x_wconf 79' lang='lat' dir='ltr'>vocant</span> <span class='ocrx_word' id='word_1_225' title='bbox 702 3719 708 3754; x_wconf 76' lang='grc' dir='ltr'><strong>ε</strong></span> <span class='ocrx_word' id='word_1_226' title='bbox 719 3710 851 3769; x_wconf 82' lang='lat' dir='ltr'>spectate,</span> <span class='ocrx_word' id='word_1_227' title='bbox 865 3699 995 3769; x_wconf 82' lang='lat' dir='ltr'>Quirites.</span> 
     </span>
    </p>
   </div>
   <div class='ocr_carea' id='block_1_4' title="bbox 113 3815 1182 4036">
    <p class='ocr_par' dir='ltr' id='par_1_17' title="bbox 113 3815 1182 4036">
     <span class='ocr_line' id='line_1_29' title="bbox 113 3815 1182 3919; baseline 0.011 -31"><span class='ocrx_word' id='word_1_228' title='bbox 113 3817 147 3889; x_wconf 93' lang='lat' dir='ltr'>ld</span> <span class='ocrx_word' id='word_1_229' title='bbox 161 3819 276 3895; x_wconf 81' lang='lat' dir='ltr'>clarius</span> <span class='ocrx_word' id='word_1_230' title='bbox 291 3820 401 3895; x_wconf 88' lang='lat' dir='ltr'>adhuc</span> <span class='ocrx_word' id='word_1_231' title='bbox 419 3819 551 3906; x_wconf 88' lang='lat' dir='ltr'>Livius,</span> <span class='ocrx_word' id='word_1_232' title='bbox 569 3816 628 3892; x_wconf 90' lang='lat' dir='ltr'>lib.</span> <span class='ocrx_word' id='word_1_233' title='bbox 643 3819 810 3907; x_wconf 84' lang='lat' dir='ltr'>XXXVI,</span> <span class='ocrx_word' id='word_1_234' title='bbox 828 3847 898 3919; x_wconf 83' lang='lat' dir='ltr'>cap.</span> <span class='ocrx_word' id='word_1_235' title='bbox 919 3815 963 3907; x_wconf 90' lang='lat'>3,</span> <span class='ocrx_word' id='word_1_236' title='bbox 983 3820 1102 3909; x_wconf 87' lang='lat' dir='ltr'>tradit,</span> <span class='ocrx_word' id='word_1_237' title='bbox 1120 3823 1182 3900; x_wconf 85' lang='lat' dir='ltr'>ubi</span> 
     </span>
     <span class='ocr_line' id='line_1_30' title="bbox 113 3931 1181 4036; baseline 0.005 -30"><span class='ocrx_word' id='word_1_238' title='bbox 113 3931 275 4012; x_wconf 83' lang='lat' dir='ltr'>deltlatris</span> <span class='ocrx_word' id='word_1_239' title='bbox 286 3938 419 4031; x_wconf 80' lang='lat' dir='ltr'>Magne</span> <span class='ocrx_word' id='word_1_240' title='bbox 428 3936 509 4010; x_wconf 76' lang='lat' dir='ltr'>edis</span> <span class='ocrx_word' id='word_1_241' title='bbox 520 3934 750 4009; x_wconf 86' lang='lat' dir='ltr'>dedicatione:</span> <span class='ocrx_word' id='word_1_242' title='bbox 771 3967 789 3998; x_wconf 75' lang='grc' dir='ltr'><strong>κ</strong></span> <span class='ocrx_word' id='word_1_243' title='bbox 806 3936 1030 4021; x_wconf 82' lang='lat' dir='ltr'>Locarerant,</span> <span class='ocrx_word' id='word_1_244' title='bbox 1047 3935 1181 4036; x_wconf 86' lang='lat' dir='ltr'>inquit,</span> 
     </span>
    </p>
   </div>
   <div class='ocr_carea' id='block_1_5' title="bbox 42 4048 1176 4142">
    <p class='ocr_par' dir='ltr' id='par_1_18' title="bbox 42 4048 1176 4142">
     <span class='ocr_line' id='line_1_31' title="bbox 42 4048 1176 4142; baseline 0.004 -20"><span class='ocrx_word' id='word_1_245' title='bbox 42 4115 43 4138; x_wconf 60' lang='lat'>,</span> <span class='ocrx_word' id='word_1_246' title='bbox 116 4081 131 4110; x_wconf 75' lang='lat' dir='ltr'>r</span> <span class='ocrx_word' id='word_1_247' title='bbox 148 4051 241 4126; x_wconf 76' lang='lat' dir='ltr'>adem</span> <span class='ocrx_word' id='word_1_248' title='bbox 257 4052 444 4127; x_wconf 81' lang='lat' dir='ltr'>laciendum</span> <span class='ocrx_word' id='word_1_249' title='bbox 467 4053 515 4125; x_wconf 88' lang='grc' dir='ltr'>Μ.</span> <span class='ocrx_word' id='word_1_250' title='bbox 541 4051 672 4142; x_wconf 79' lang='lat' dir='ltr'>Livius,</span> <span class='ocrx_word' id='word_1_251' title='bbox 692 4051 730 4124; x_wconf 86' lang='lat' dir='ltr'>C.</span> <span class='ocrx_word' id='word_1_252' title='bbox 751 4048 913 4124; x_wconf 86' lang='lat' dir='ltr'>Claudius</span> <span class='ocrx_word' id='word_1_253' title='bbox 932 4078 1107 4141; x_wconf 84' lang='lat' dir='ltr'>censores,</span> <span class='ocrx_word' id='word_1_254' title='bbox 1127 4055 1176 4126; x_wconf 89' lang='lat' dir='ltr'>M.</span> 
     </span>
    </p>
   </div>
   <div class='ocr_carea' id='block_1_6' title="bbox 42 4155 1177 4374">
    <p class='ocr_par' dir='ltr' id='par_1_19' title="bbox 42 4155 1177 4374">
     <span class='ocr_line' id='line_1_32' title="bbox 42 4155 1177 4291; baseline -0.003 -18"><span class='ocrx_word' id='word_1_255' title='bbox 42 4155 44 4258; x_wconf 86' lang='lat' dir='ltr'>l</span> <span class='ocrx_word' id='word_1_256' title='bbox 144 4221 152 4250; x_wconf 88' lang='lat'><strong>¹</strong></span> <span class='ocrx_word' id='word_1_257' title='bbox 170 4217 353 4276; x_wconf 75' lang='lat' dir='ltr'>VideGruter.</span> <span class='ocrx_word' id='word_1_258' title='bbox 366 4239 425 4291; x_wconf 76' lang='lat' dir='ltr'>pag.</span> <span class='ocrx_word' id='word_1_259' title='bbox 440 4221 501 4289; x_wconf 73' lang='lat'>1333</span> <span class='ocrx_word' id='word_1_260' title='bbox 515 4219 639 4274; x_wconf 82' lang='lat' dir='ltr'>Lambeci</span> <span class='ocrx_word' id='word_1_261' title='bbox 654 4217 809 4272; x_wconf 85' lang='lat' dir='ltr'>Comment.</span> <span class='ocrx_word' id='word_1_262' title='bbox 824 4217 857 4271; x_wconf 86' lang='lat' dir='ltr'>de</span> <span class='ocrx_word' id='word_1_263' title='bbox 876 4216 943 4271; x_wconf 79' lang='lat' dir='ltr'>Cres.</span> <span class='ocrx_word' id='word_1_264' title='bbox 962 4218 1030 4271; x_wconf 88' lang='lat' dir='ltr'>Bibl.</span> <span class='ocrx_word' id='word_1_265' title='bbox 1044 4229 1108 4272; x_wconf 90' lang='lat' dir='ltr'>tom.</span> <span class='ocrx_word' id='word_1_266' title='bbox 1126 4219 1177 4286; x_wconf 88' lang='lat' dir='ltr'>lV,</span> 
     </span>
     <span class='ocr_line' id='line_1_33' title="bbox 42 4305 225 4374; baseline 0.011 -15"><span class='ocrx_word' id='word_1_267' title='bbox 42 4305 43 4310; x_wconf 73' lang='grc'>’</span> <span class='ocrx_word' id='word_1_268' title='bbox 115 4321 166 4374; x_wconf 69' lang='lat' dir='ltr'>pag.</span> <span class='ocrx_word' id='word_1_269' title='bbox 177 4305 225 4362; x_wconf 71' lang='lat' dir='ltr'>att.</span> 
     </span>
    </p>
   </div>
   <div class='ocr_carea' id='block_1_7' title="bbox 221 4407 932 4492">
    <p class='ocr_par' dir='ltr' id='par_1_20' title="bbox 221 4407 932 4492">
     <span class='ocr_line' id='line_1_34' title="bbox 221 4407 932 4492; baseline -0.003 -14"><span class='ocrx_word' id='word_1_270' title='bbox 221 4407 336 4478; x_wconf 86' lang='lat' dir='ltr'><em>VIII.</em></span> <span class='ocrx_word' id='word_1_271' title='bbox 908 4428 932 4492; x_wconf 90' lang='lat'><strong>9</strong></span> 
     </span>
    </p>
   </div>
   <div class='ocr_carea' id='block_1_8' title="bbox 0 0 1514 5000">
    <p class='ocr_par' dir='ltr' id='par_1_21' title="bbox 0 0 1514 5000">
     <span class='ocr_line' id='line_1_35' title="bbox 0 0 1514 5000; baseline 0 0"><span class='ocrx_word' id='word_1_272' title='bbox 0 0 1514 5000; x_wconf 95' lang='lat' dir='ltr'> </span> 
     </span>
    </p>
   </div>
  </div>
 </body>
</html>
