3017 5000
366 392 720 485 nun'ovruro
741 414 966 484 ressone.
1133 415 1201 509 40,

140 554 286 634 erplauata.
310 554 455 633 Parisiis,
472 579 509 619 co
527 554 644 636 officina
672 558 862 619 Arceusc'om.
883 556 1005 618 Mntx.
1029 555 1062 617 in
1075 558 1147 632 ·4⁰·
1161 591 1203 605 -

139 656 253 728 Pom,
270 666 342 717 tom·
353 656 435 731 VII,
449 678 513 741 pag.
528 654 598 739 537.

176 760 298 823 Ovidius
314 760 447 823 deFastis
456 783 507 841 per
521 764 657 824 rausum
667 762 835 847 recognitus
850 773 1067 845 moutusque
1081 764 1116 823 Iu
1126 761 1202 823 bue:

141 864 202 921 rP.
230 862 330 924 Ovidii
355 861 584 925 Nasoniszlibri
606 862 678 924 sexti
700 863 839 925 etultimi
857 864 932 926 inis.
956 862 1134 937 Perrbisiis,
1159 864 1203 923 Μ.

137 960 266 1023 OCOCC.
279 964 336 1021 lx.
351 963 491 1042 impensis
505 964 646 1026 Johauuis
657 964 743 1025 Petit.
758 964 871 1026 Venalis
887 977 931 1025 est
945 964 991 1025 bic
1006 962 1078 1023 liber
1092 962 1124 1023 iu
1138 962 1205 1023 rico

138 1062 229 1123 Sancti
241 1060 365 1135 Jacobi,
383 1074 438 1123 etc.
453 1089 468 1118 n
481 1062 576 1139 irs-4⁰.
589 1098 630 1113 -
640 1061 752 1125 Prodiit
767 1064 830 1129 brec
841 1063 887 1128 ed.
903 1084 937 1124 ex
954 1062 1068 1125 officina
1088 1060 1203 1125 Nicolai

135 1160 285 1223 Prateusis.
302 1162 429 1239 Passer,
446 1173 518 1224 tom·
534 1164 581 1238 X,
597 1184 660 1247 pag.
677 1160 707 1237 l,

618 1302 715 1372 ι1510.

170 1434 303 1513 Epistole
327 1434 470 1496 Heroides
494 1434 626 1519 diligenti
650 1435 834 1520 castigatione
860 1434 972 1496 exculte
993 1431 1203 1515 aptissimisque

131 1530 228 1614 iguis
244 1542 363 1593 ornate:
381 1532 637 1595 commutantibus
653 1534 725 1594 Ant.
739 1534 849 1596 Volsco
863 1531 1047 1594 etUbertiuo
1055 1531 1201 1593 Crescen-

131 1633 237 1707 mare,
252 1633 283 1693 iu
299 1633 363 1694 Ibin
378 1656 447 1699 ruo
461 1634 593 1698 Domitio
605 1633 992 1698 Calderiuoethristolero
1008 1636 1131 1705 Zsroto,
1144 1642 1201 1692 erc.

133 1733 164 1790 In
178 1732 260 1793 line:
282 1758 298 1787 α
315 1734 489 1812 impressum
511 1736 639 1798 Veneriis
660 1756 710 1815 per
736 1739 879 1797 Joannern
895 1732 1059 1795 'Iacuinnm
1076 1731 1112 1792 de
1128 1730 1202 1791 Tri-

130 1830 207 1895 duo.
225 1831 318 1895 Auno
329 1833 451 1895 Domini
465 1836 510 1895 Μ.
522 1834 562 1893 D.
577 1836 618 1895 X.
633 1835 681 1897 die
698 1852 764 1897 xxx
778 1834 859 1897 Julii.
877 1861 893 1890 ι
912 1834 1007 1897 in—lol.
1017 1866 1061 1883 ·-
1072 1834 1199 1904 hm,

130 1941 199 1995 tons.
218 1933 319 2007 VIII,
335 1954 400 2016 pag.
414 1932 485 2006 ζου.
561 1986 567 1996 .

168 2038 215 2099 Ile
227 2038 433 2101 Arteduandi
444 2052 473 2101 et
482 2039 624 2102 Remedio
638 2040 767 2113 Amoris,
780 2062 845 2102 cum
854 2040 1090 2119 isrepnnnose
1099 2038 1200 2099 Bartb.

130 2138 258 2201 llerulae·
271 2164 286 2193 s
303 2142 476 2217 Impressum
487 2139 644 2201 Mediolani
656 2162 707 2219 per
714 2140 898 2202 Leouardmu
907 2139 1050 2223 Vegium,
1065 2140 1169 2199 Mox.
1180 2163 1197 2191 ι·

129 2232 221 2297 tn-tot.
236 2270 279 2285 ·-
291 2240 417 2313 Panser,
432 2251 504 2300 tom.
515 2240 579 2301 vll
593 2281 603 2314 ,
620 2262 683 2338 pig.
701 2238 770 2325 389.

166 2344 435 2425 Meumrphoseos
444 2344 518 2405 libri.
528 2372 543 2399 s
556 2346 693 2430 Lugduni
704 2390 714 2421 ,
724 2367 776 2427 per
783 2345 934 2408 Claudium
948 2344 1064 2405 Daorsi.
1077 2343 1197 2415 Mox,

127 2456 168 2500 xv
186 2440 249 2502 car.
266 2440 343 2501 Maii.
359 2469 374 2494 s·
387 2438 482 2514 irs-4⁰.
498 2474 539 2487 —
553 2442 671 2520 Panrer,
683 2456 756 2505 tour.
772 2442 859 2519 vn,
875 2462 940 2526 pag.
953 2440 1022 2526 ²94·

166 2546 295 2626 decipe,
312 2547 439 2609 studiose
457 2549 567 2624 lector,
584 2552 618 2608 Ρ.
638 2549 738 2612 Ovidii
753 2550 1010 2630 Metamorpboseis
1028 2571 1092 2610 cum
1108 2550 1196 2609 lucu-

126 2645 289 2708 lentissimis
304 2647 398 2724 Rspb·
418 2647 504 2729 Regii
526 2646 750 2709 enarrationibus
769 2673 775 2707 :
794 2649 898 2731 quibus
923 2648 1044 2727 piurima
1060 2647 1199 2730 adscripta

126 2759 192 2810 sunt
209 2771 217 2804 s
235 2769 301 2829 epm
316 2747 349 2810 in
363 2747 563 2824 exemplaribus
578 2759 659 2808 antea
674 2747 819 2825 impressis
834 2770 896 2809 non
910 2748 1104 2812 inveniuntur.
1121 2749 1197 2824 Quae

125 2849 182 2910 siut
190 2849 301 2932 rogas?
317 2851 398 2909 luter
411 2847 565 2931 legendum
575 2847 657 2910 lseilc
670 2847 724 2909 tibi
736 2860 899 2910 occurrent.
915 2852 951 2909 Iu
963 2849 1038 2911 line:
1055 2875 1071 2903 α
1085 2849 1118 2912 Si
1128 2849 1198 2931 qnid

125 2946 199 3008 lorte
220 2947 366 3010 literarum
389 2947 613 3028 transpositione
699 2945 874 3022 offenderis,
891 2946 1020 3008 studiose
1040 2946 1150 3021 lector,
1166 2946 1199 3007 id

124 3045 305 3108 librariorum
314 3046 425 3108 incurie
436 3045 574 3107 adscribes
586 3059 672 3129 rogat
682 3046 829 3128 Georgius
839 3046 874 3106 de
888 3045 1072 3107 Itusconibus
1087 3045 1199 3106 Medo·

125 3145 265 3220 lenensis,
282 3147 364 3228 cujus
380 3145 519 3206 iudustrIa
532 3145 657 3224 Rapbsel
671 3146 782 3229 Regius
796 3143 828 3203 in
839 3145 896 3204 boc
907 3165 993 3221 opere
1009 3143 1197 3204 describendo

124 3265 190 3305 usus
205 3253 259 3303 cst·
278 3241 454 3317 Mediolani,
471 3241 615 3321 impressit
629 3242 764 3323 magister
781 3240 947 3302 Leouardus
966 3240 1096 3306 Purser,
1118 3261 1197 3302 auno

125 3339 247 3402 Domini
256 3342 302 3402 Μ.
319 3342 360 3400 D.
374 3342 415 3400 X.
431 3341 478 3404 die
496 3359 521 3402 11
533 3339 714 3404 Novembris.
733 3367 748 3396 s
765 3340 867 3402 iu-lol.
884 3363 950 3402 cum
964 3341 1197 3422 bip-Pomm,

126 3449 194 3500 tom·
210 3441 295 3516 vll,
310 3447 374 3524 pag.
389 3437 459 3502 388.

159 3547 436 3630 Metamorpboreou
446 3547 513 3610 libri
519 3547 753 3622 metridaticum
760 3547 957 3631 pulcherrimis
965 3545 1119 3607 laberlarum
1125 3568 1199 3624 prae·

125 3644 273 3724 cipum
286 3644 405 3728 figuris,
424 3657 480 3708 etc,
495 3665 550 3710 nec
569 3667 631 3708 non
648 3633 685 3706 et¹
694 3645 876 3729 tropologica
890 3643 1047 3706 iabubruru
1064 3645 1198 3706 novella-

127 3767 190 3808 rum
201 3746 381 3809 enarratione
392 3765 443 3824 per
457 3747 495 3806 ll·
509 3747 543 3811 P·
555 3747 597 3808 Μ.
613 3746 731 3808 Petrum
742 3745 893 3811 Lavinium
908 3745 1029 3828 adjecta.
1051 3746 1197 3824 Lugduni,

124 3844 202 3924 apsd
213 3843 390 3925 Stephanum
402 3843 566 3923 Gueyuard·
581 3845 626 3904 M.
644 3841 689 3904 D.
704 3845 745 3905 X.
756 3876 797 3890 ·-
808 3844 927 3918 Panssr,
939 3855 962 3902 t.
976 3844 1054 3916 vll,
1065 3865 1095 3922 p.
1109 3841 1180 3928 293.

162 3951 317 4012 Fastorum
326 3947 391 4009 libri
401 3947 533 4032 diligenti
541 3947 738 4010 ementbtiouc
753 3949 828 4033 typis
838 3949 979 4027 impressi,
991 3948 1199 4029 aptissimisque

123 4048 221 4134 figeris
235 4049 329 4112 ornati
343 4092 353 4124 ,
371 4047 641 4114 commentatoribus
654 4049 726 4112 Aut.
739 4049 933 4114 Constantino
952 4049 1073 4112 Faneusi
1085 4092 1095 4124 ,
1108 4049 1199 4112 Paulo

125 4153 221 4216 ldsrso
240 4151 382 4216 Pisciuate
397 4195 407 4228 ,
425 4151 493 4216 viris
506 4151 681 4222 cluissinis,
699 4151 802 4214 additis
813 4152 979 4234 quibusdam
989 4149 1117 4215 uersibus
1128 4193 1137 4226 ,
1148 4149 1200 4231 qui
