3017 5000
294 473 355 559 ¹40
617 478 658 543 P.
690 474 879 543 ovtntt
910 473 1042 542 VITA

337 648 341 657 -
453 614 509 669 Nec
521 632 587 685 quos
599 612 718 683 piniferis
729 612 827 683 positos
837 612 865 667 in
879 617 987 669 collides
999 615 1085 665 hortos

485 704 593 773 Spectat
603 704 740 759 Flaminio
754 708 846 758 Clodia
856 706 948 773 juncta
962 702 1021 757 viee.

454 798 536 867 Quos
551 816 600 868 ego
612 798 701 851 nescio
715 797 758 852 cui
769 798 837 851 colui
847 817 854 861 3
865 796 960 867 quibus
969 797 1022 865 ipse
1035 795 1152 849 solebam

490 888 534 942 Ad
548 899 603 942 eata
613 888 736 941 fontanas
748 888 760 957 (
770 908 819 943 nec
832 887 934 958 pudet)
948 886 1045 941 addere
1062 906 1150 956 aquas.

453 978 523 1033 Sunt
537 979 589 1046 ibi,
603 979 624 1034 si
637 980 745 1047 vivunt,
759 989 848 1033 nostra
860 998 964 1047 quoque
974 979 1075 1033 consita
1087 977 1243 1048 quondam,

487 1071 541 1125 Sed
555 1091 610 1125 non
625 1082 653 1126 et
665 1081 757 1125 nostra
770 1089 850 1141 poma
862 1067 974 1140 legenda
986 1088 1078 1122 manu.

292 1188 567 1263 Piniferoshosce
578 1188 699 1277 colles,
711 1190 745 1261 in
755 1188 944 1287 quibussiti
951 1185 1088 1261 fuerunt
1096 1187 1243 1261 Nasonis
1259 1186 1378 1261 'horti

225 1362 227 1379 ,
293 1304 345 1379 Cl.
366 1306 440 1379 Nic.
457 1306 617 1381 Heinsius
630 1306 671 1378 de
684 1305 855 1403 Apennino
866 1300 1027 1398 intelligit
1039 1321 1172 1389 monte,
1188 1303 1246 1405 qui
1260 1302 1379 1377 ctiam·

290 1450 372 1495 num
385 1421 684 1521 frequentissimam
702 1420 820 1519 pinum
837 1418 921 1508 fert,
940 1438 973 1493 et
988 1448 1048 1521 per
1065 1430 1183 1521 quem
1198 1437 1238 1493 ut
1254 1436 1375 1522 putat,

294 1534 410 1609 Clodeie
425 1536 478 1609 via
495 1534 723 1608 deducebatur
740 1536 849 1608 Roma
864 1537 990 1609 Lucam
1007 1564 1125 1636 usque.
1142 1538 1267 1610 Verum
1284 1535 1377 1611 veri-

291 1651 398 1725 simile
419 1679 488 1724 non
512 1668 585 1740 est,
604 1651 689 1725 hanc
715 1651 800 1725 viam
817 1677 878 1751 per
893 1650 1109 1751 Apenninum
1125 1680 1198 1727 esse
1215 1650 1373 1742 ductam,

293 1796 384 1868 quae,
398 1768 574 1841 Antonino
586 1766 753 1853 tradente,
767 1794 828 1869 per
840 1768 1023 1852 Arretium,
1038 1769 1233 1843 florentiam
1246 1796 1283 1842 ac
1299 1768 1374 1843 Pis-

294 1882 406 1954 ton'um
418 1880 685 1955 serebatLucan.
702 1882 767 1955 Vix
777 1881 876 1957 etiam
890 1879 1086 1957 crediderim
1102 1881 1287 1957 Ovidiauos
1298 1882 1378 1957 hor·

295 2012 349 2070 tos
367 2012 433 2068 tam
451 1994 549 2093 longe
568 1998 676 2069 Roma
694 2013 841 2070 remotos
859 1996 981 2084 luisse,
999 2025 1102 2098 quum
1119 1996 1155 2069 id
1170 2024 1276 2091 genus
1289 1995 1379 2079 deli-

296 2111 365 2186 cias
380 2110 525 2188 solerent
548 2113 695 2187 Romani
712 2140 820 2215 prope
838 2114 956 2187 urbem
971 2114 1114 2203 habere,
1133 2130 1172 2188 ut
1189 2142 1230 2188 eo
1245 2110 1378 2192 facilius

296 2229 506 2319 secederent,
525 2229 575 2303 vel
591 2230 686 2318 inde,
706 2230 843 2331 quando
855 2228 1003 2319 luberet,
1018 2232 1159 2305 Romam
1171 2245 1378 2331 repeterent;

297 2346 577 2446 quemadmodum
605 2364 639 2420 et
662 2345 728 2447 ipsi
757 2345 885 2421 ovidio
908 2374 982 2421 mos
999 2362 1085 2435 crat,
1103 2344 1206 2419 Trist.
1230 2343 1289 2421 lib.
1315 2345 1377 2433 lV,

296 2462 391 2560 Eleg.
411 2482 498 2552 v111,
517 2492 600 2540 vers.
619 2462 690 2537 25:

460 2611 579 2680 Tempus
591 2621 663 2678 erat,
678 2629 729 2666 nec
741 2629 786 2665 me
796 2611 969 2682 peregrinum
980 2610 1078 2665 ducere
1089 2610 1198 2678 celum,
1211 2619 1260 2665 etc·

462 2701 515 2756 Sed
527 2700 625 2768 modo,
638 2721 704 2771 quos
715 2702 809 2769 habui,
824 2719 936 2757 nauum
948 2701 1071 2756 secedere
1082 2701 1111 2754 in
1123 2700 1231 2755 hortoe:

494 2794 573 2848 Nunc
585 2794 726 2848 hominum
737 2793 796 2848 v'nu
808 2813 899 2848 rursus
911 2804 939 2847 et
951 2793 1016 2847 urbe
1027 2791 1089 2845 frui,

299 2905 364 2980 ttis
380 2907 414 2980 in
440 2907 548 2982 hortis
575 2938 709 3010 operam
740 2910 944 2985 carminibus
971 2909 1130 2998 navabat,
1146 2907 1248 2984 Trist.
1266 2906 1326 2981 lite
1343 2909 1381 2996 l,

299 3020 393 3117 Eleg.
415 3021 475 3097 ult.
492 3053 574 3098 vers.
593 3025 662 3125 37:

466 3171 529 3224 Non
540 3170 597 3225 hec
608 3171 636 3224 in
648 3177 758 3236 nestris,
778 3183 809 3226 nt
820 3171 956 3241 quondam
967 3211 975 3240 ,
989 3174 1220 3226 scribentesdorte's.

299 3284 449 3359 Tandem
468 3285 509 3360 de
526 3315 590 3361 suo
607 3289 642 3361 in
659 3316 777 3385 genere
791 3317 893 3364 ceusu
906 3262 1032 3364 haec'ad
1047 3291 1241 3384 Angustum
1252 3286 1384 3363 habet:

300 3403 402 3478 Trist.
419 3403 479 3478 lib.
497 3405 549 3490 ll,
570 3433 652 3479 rers.
678 3432 747 3478 110
764 3435 852 3509 sqq:

498 3551 584 3604 Paene
594 3550 703 3620 quidem
715 3553 810 3622 periit,
826 3551 874 3607 eed
885 3553 942 3606 sine
953 3552 1028 3620 labe,
1042 3554 1141 3606 dem.

464 3637 509 3694 Sic
519 3659 624 3712 quoque
632 3661 715 3710 perne
726 3653 815 3697 tamen
823 3682 831 3710 ,
838 3647 926 3712 petreio
934 3643 1038 3697 dicatur
1049 3651 1080 3696 ut
1090 3661 1144 3697 m

500 3729 616 3800 Graue,
629 3753 679 3788 nec
692 3731 770 3788 ulline
780 3737 915 3789 nobilitate
923 3735 1029 3788 minor:

338 3901 348 3931 ¹
366 3897 424 3952 ttos
446 3896 538 3952 Ovidii
560 3903 647 3955 hortos
670 3900 784 3955 Nardini
805 3901 916 3956 collocat
933 3898 1005 3953 leand
1029 3897 1109 3968 longe
1127 3916 1142 3951 a
1158 3897 1247 3951 Ponte
1269 3896 1388 3962 Hileia,-

302 4001 328 4053 p.
341 3982 398 4048 485.
412 3983 498 4050 Prope
516 3981 589 4038 hunc
602 3986 718 4038 Pontem
729 3985 800 4040 intra
813 3985 867 4040 vias
880 3985 1062 4049 Florentiam,
1077 3992 1104 4037 et
1121 3983 1257 4036 mntem
1277 3979 1389 4034 dueen-

303 4077 359 4134 tes‚
377 4077 585 4121 monumentum
602 4088 644 4122 an.
665 4069 745 4140 1674,
764 4081 901 4141 repertum
919 4070 973 4123 tuit
992 4066 1174 4140 sepulchrale,
1199 4065 1232 4119 ad
1249 4067 1386 4118 Nasam

302 4149 430 4205 familiam
441 4152 593 4223 pertinens,
602 4163 633 4206 ut
642 4172 674 4207 ex
685 4154 880 4227 inscriptionem·
888 4165 979 4228 patet,
993 4173 1058 4225 quae
1069 4171 1133 4208 cum
1143 4149 1239 4208 iconib.
1246 4148 1348 4215 edidit,
1356 4157 1388 4200 et

305 4233 374 4290 notis
385 4237 490 4290 ornavit
502 4233 543 4290 (il.
553 4238 687 4290 Bellore'res.
