3017 5000
305 478 370 521 220
608 532 617 545 ι
639 462 678 525 Ρ.
710 458 890 526 0le11
914 456 1048 526 VITA

306 614 345 669 ut
362 595 503 671 Ovidius
519 598 585 671 hoc
602 596 698 688 loeo,
716 627 785 672 non
801 626 896 675 serus
913 616 1098 673 accentum
1115 596 1190 671 aliis
1208 607 1231 684 ¹,
1249 599 1386 692 Augus·

310 708 379 786 tirm
391 711 455 785 sub
470 712 683 787 Der'nomine
697 713 868 810 indigitet‚
883 742 981 816 quem
992 729 1063 788 anta
1072 712 1167 800 alios,
1179 731 1213 788 et
1222 713 1389 815 praecipue

311 827 451 905 coluerit
478 829 691 906 Messalinus.
711 833 812 906 Hunc
834 833 920 907 enim
942 860 1076 908 sensum
1096 849 1187 906 totus
1210 848 1389 906 contextus

309 946 460 1045 requirit.

360 1065 422 1141 ltta
439 1096 517 1143 vero
528 1069 586 1171 pt'a
597 1071 722 1170 proles,
745 1100 820 1172 quae
836 1101 913 1147 cum
929 1072 1112 1149 Messalino
1134 1072 1273 1174 aliisque
1292 1069 1391 1144 duci-

311 1182 377 1257 bus
394 1184 567 1261 Tiberium
584 1186 620 1259 in
636 1215 761 1289 pompa
779 1189 976 1291 triumphali
1004 1208 1180 1292 prosecuta
1203 1205 1274 1274 est,
1297 1184 1394 1261 nulla

313 1318 400 1373 certe
417 1299 501 1389 alia,
530 1322 751 1406 praeterquam
772 1305 1007 1381 Germanicusa
1026 1308 1166 1382 Tiberio
1187 1306 1394 1407 adoptatus,

316 1419 496 1519 Drusoque
507 1438 644 1521 parente
658 1423 819 1510 naturali,
836 1424 888 1497 uti
900 1442 934 1498 et
948 1423 1056 1499 titulis
1069 1423 1305 1497 nominibusve
1319 1421 1396 1497 Coe-

314 1535 391 1608 san's
408 1563 447 1608 ae
465 1536 644 1611 Gennaar'cr'
663 1538 795 1634 dignus.
825 1541 867 1613 Ei
892 1541 1002 1631 enim,
1029 1559 1066 1615 ut
1083 1542 1186 1615 habet
1201 1541 1268 1614 Dio
1288 1549 1319 1627 ²,
1338 1537 1397 1611 du-

317 1670 404 1725 creta
430 1673 510 1727 sunt
531 1656 661 1755 insignia
680 1654 879 1753 triumphalia
896 1656 1003 1755 (quad
1018 1673 1049 1732 et
1064 1658 1133 1730 aliis
1154 1656 1243 1730 etiam
1267 1654 1400 1729 daa‘bm
1464 1744 1470 1753 .

317 1763 460 1861 datura),
476 1795 514 1839 ar
522 1768 666 1866 pretorii
680 1766 819 1843 honores.
840 1770 929 1842 Hinc
946 1770 1039 1872 quod
1057 1770 1217 1857 Ovidius,
1236 1769 1347 1871 Epist.
1363 1789 1399 1857 1,

318 1884 427 1971 canit,
446 1884 482 1957 in
502 1885 616 1961 eadem
641 1886 804 1987 triumphi
829 1914 954 1987 pompa
980 1886 1212 1961 Germanicum
1233 1914 1313 1961 suas
1338 1887 1399 1959 ha-

319 2002 432 2075 buisse.
450 2020 579 2103 partes,
597 2030 680 2076 vers.
701 2004 747 2103 49
765 2020 798 2077 et
819 2000 887 2076 50:

485 2176 598 2231 Pertulit
610 2176 661 2231 huc
672 2173 743 2229 idern
757 2176 850 2243 nobis,
867 2178 1030 2240 Germanice,
1052 2196 1146 2231 rumor

519 2267 626 2339 Oppida
638 2270 772 2323 subtituto
781 2273 890 2321 nomiar's
903 2272 951 2322 isse
962 2274 1007 2321 tur'.

321 2416 368 2487 At
384 2415 548 2501 Drusum,
574 2414 702 2489 Tiberii
717 2413 824 2489 filium
843 2414 1047 2503 naturalem,
1070 2442 1137 2489 una
1160 2442 1297 2516 quoque
1325 2440 1401 2487 cum

321 2551 417 2633 patre
445 2532 688 2633 triumphasse,
707 2563 747 2607 ex
765 2533 876 2607 Dione
893 2532 976 2606 disci
992 2559 1165 2638 perperam
1182 2532 1305 2607 adserit
1327 2530 1402 2605 lau-

323 2648 420 2722 datus
429 2647 501 2722 Nic.
512 2649 682 2740 Heinsius.
699 2650 766 2724 Dio
778 2651 866 2724 enim
879 2649 981 2724 modo
994 2668 1124 2739 narrat,
1142 2649 1310 2724 decretum
1322 2667 1403 2724 tunc

324 2765 435 2840 Druso
447 2765 571 2852 fuisse,
589 2767 681 2840 etsir's
692 2766 723 2838 ia
737 2767 815 2840 betti
823 2766 1137 2867 uullapartesuerat,
1157 2765 1399 2849 utrirseaatura,

318 2881 499 2981 priusquam
520 2882 648 2956 allectus
662 2881 692 2953 ia
712 2910 781 2956 eum
800 2881 934 2955 ordrirera
955 2897 1048 2968 esset,
1072 2882 1210 2966 venam,
1229 2897 1291 2956 ete.
1310 2878 1405 2954 nulla

325 2993 366 3067 de
385 2996 556 3098 triumpho
575 2996 743 3070 mentione
760 2995 855 3072 facta.

374 3123 527 3224 Denique
541 3142 663 3222 notare
679 3143 748 3213 est,
773 3125 920 3199 eamdem
934 3123 1044 3225 Epist.
1066 3145 1096 3199 11
1117 3123 1222 3231 &eme
1243 3121 1403 3224 scriptam

326 3242 444 3330 fuisse,
463 3242 602 3318 indicari
622 3271 705 3318 vers.
725 3240 862 3342 93-96:

490 3419 591 3476 Felices
601 3460 609 3487 ,
622 3420 716 3490 quibus
729 3417 777 3471 hos
787 3415 860 3470 licuit
870 3426 988 3486 spectare
1000 3415 1149 3486 triumphos
1159 3455 1167 3482 ‚

526 3513 563 3566 Et
575 3511 648 3566 ducis
663 3530 708 3564 ore
721 3509 796 3563 Deos
806 3508 985 3578 aequiparante
996 3508 1056 3562 frui.

495 3605 533 3658 Ae
544 3604 610 3658 mihi
623 3603 789 3658 Sauromata
802 3619 851 3671 pro
863 3597 975 3654 Cumis
981 3619 1029 3654 ore
1041 3598 1166 3665 videndi,

524 3698 661 3766 Terraque
674 3695 743 3766 pacis
755 3692 849 3764 inops,
863 3691 987 3764 undaque
998 3697 1086 3748 uincta
1092 3695 1160 3761 [εἰη.

359 3867 366 3897 ¹
386 3863 487 3917 Praeter
506 3863 561 3915 ioca
580 3859 700 3930 superius
719 3859 850 3928 indicata,
863 3859 922 3914 ride
943 3858 1026 3928 ejusd.
1044 3859 1087 3914 tib.
1103 3857 1184 3929 Epist.
1199 3872 1255 3924 111,
1274 3875 1342 3911 vers.
1357 3856 1407 3920 68;

328 3947 410 4019 Epist.
422 3963 492 4014 vm,
505 3967 572 4000 vers.
588 3969 619 4010 a,
635 3948 666 3999 52
678 3984 685 4011 ,
699 3947 748 4017 75,
762 3955 812 4000 etc.

359 4041 370 4071 ²
387 4039 443 4096 Lib.
457 4039 539 4108 LVI,
554 4057 611 4108 pag.
624 4039 679 4091 582.
