3017 5000
404 445 468 512 ΕΤ
495 445 885 516 PRAEFATIONES.
1112 447 1178 514 303

105 583 210 660 scilla
232 585 367 687 quidem
384 587 497 662 ierant
516 587 669 665 falsitatis
687 607 720 663 et
738 587 994 664 mendaciorum.
1010 592 1104 688 (quo
1120 619 1181 662 no·

104 700 188 774 mine
202 703 294 804 apud
317 703 474 781 indoctos
498 724 532 780 et
553 707 727 809 imperitos
748 723 865 808 poetae·
879 701 964 778 male
983 705 1127 779 audiunt
1141 705 1178 801 ),

102 816 264 921 fidemque
286 819 354 895 illis
371 841 490 900 temere
509 825 705 900 adhibentes
727 824 834 926 decipi
850 823 1023 898 videantur
1043 853 1051 896 ε
1068 841 1176 897 tamen

104 962 204 1034 muru
224 933 289 1008 sub
309 935 376 1012 illis
394 937 477 1039 ipsis
492 941 732 1037 integumentis
747 958 852 1042 atque*
868 937 1099 1041 putaminibus
1116 939 1179 1012 ab·

102 1051 273 1128 sconditus
300 1055 345 1129 sit
366 1057 514 1132 veritatis
530 1058 687 1148 nucleus3
704 1061 771 1134 boc
794 1057 961 1147 efficitur,
980 1074 1020 1130 ut
1035 1057 1081 1130 sit
1094 1057 1177 1146 ὃμὲν

101 1169 257 1252 huicne
269 1179 447 1268 dauri-rapae
460 1180 519 1250 rori
527 1176 572 1269 pl
585 1179 805 1263 hademar,
823 1176 871 1250 nal
886 1175 1073 1257 ieiumirlq
1083 1175 1178 1260 coori-

101 1273 167 1382 rips
181 1291 240 1360 arii
247 1288 292 1377 pal
306 1291 510 1380 dunelm,
524 1295 705 1370 secundum
719 1293 853 1391 Gorgia
864 1292 990 1366 dicturo
1000 1293 1090 1394 apud
1101 1290 1178 1366 Plu·

101 1401 264 1491 tarchum,
274 1402 390 1480 libello
403 1414 464 1489 arai}
475 1411 589 1484 dri'rir
597 1416 654 1483 rior
668 1410 844 1500 ποιηματῖῐν
852 1408 969 1480 dudem
983 1410 1102 1508 Atque·
1112 1409 1176 1482 boc

101 1543 222 1611 genos,
248 1538 289 1594 ut
311 1523 359 1596 sic
381 1523 519 1626 loquar,
541 1527 756 1628 impostura,
782 1524 881 1598 etiarn
904 1520 1018 1596 divino
1041 1521 1176 1598 Platoni

100 1630 179 1708 adeo
191 1633 329 1726 adrisit,
344 1658 384 1713 ut
398 1669 500 1741 quum
516 1641 739 1743 philosophia
754 1640 875 1714 limites
892 1638 1041 1741 proferre
1052 1639 1089 1712 in
1104 1641 1175 1712 ani-

100 1777 151 1824 mo
167 1752 327 1838 baberet.
345 1757 387 1832 ab
406 1761 558 1835 oratione
579 1761 712 1861 quidem
729 1785 944 1834 numerorum
961 1774 1048 1831 certa
1063 1758 1178 1832 morle-

100 1868 226 1942 ratione
243 1871 403 1947 adstricta
420 1874 640 1963 abstinuerit,
658 1905 676 1949 a
692 1873 881 1948 fabularum
903 1891 1013 1948 autem
1033 1903 1178 1975 usurpa·

102 1981 188 2058 tione
199 1987 337 2062 minime
351 1990 416 2064 sibi
430 1995 679 2094 temperaverit:
695 1992 846 2093 quamvis
857 1988 1056 2065 Aristoteles
1066 2046 1076 2077 ,
1086 2017 1173 2064 novo

104 2099 243 2196 quodam
261 2106 437 2207 exemplo,
462 2111 598 2211 antiqua
621 2106 884 2210 philosophandi
904 2105 975 2201 lege
992 2126 1172 2206 perrupta,

101 2231 131 2287 et
146 2215 207 2290 bas
224 2237 258 2292 et
274 2218 347 2296 illas
362 2223 542 2319 neglexerit
557 2255 564 2298 :
580 2225 637 2299 scd
656 2225 719 2311 ita,
737 2241 776 2298 ut
790 2221 897 2326 ipsios
912 2221 1057 2294 brevitas
1073 2239 1173 2321 atque

101 2333 268 2411 subtilitas
295 2339 330 2411 in
352 2341 587 2416 conservandis
605 2340 807 2443 disciplinis,
825 2367 886 2414 nec
908 2337 1009 2435 vulgo
1025 2339 1174 2440 proden-

101 2450 164 2542 dis,
182 2473 217 2530 et
230 2460 387 2535 carminis
404 2462 507 2537 vicem
525 2479 637 2557 gerat,
658 2479 691 2535 ct
706 2457 904 2533 fabularum.
923 2458 1046 2530 Verum
1064 2454 1104 2529 de
1120 2455 1173 2531 bis

100 2568 191 2669 plura
206 2602 298 2647 nnnc
312 2579 563 2651 commemorari
581 2606 650 2651 non
667 2594 718 2650 est
731 2600 887 2649 necesse:
904 2589 1082 2660 eteorum,
1100 2601 1173 2673 qoae

100 2684 135 2761 de
155 2686 346 2765 tabularum
370 2691 551 2768 involucris
571 2694 732 2767 hactenus
758 2691 846 2764 dicta
870 2706 966 2777 sunt,
989 2687 1175 2789 exemplum

98 2802 365 2897 magis-idoneum
377 2806 518 2906 proferri
532 2807 669 2907 nequit,
687 2806 750 2878 boc
767 2804 882 2878 Ovidii
897 2818 1066 2906 poemate,
1082 2802 1172 2902 quod

100 2916 416 3021 Metamorphoseon
436 2920 536 2995 titolo
552 2921 739 3023 inscripsit;
758 2922 793 2993 in
811 2950 879 3021 quo
893 2920 1012 2993 seriem
1026 2919 1173 2992 historia

100 3032 158 3127 (id
177 3036 270 3135 quod
289 3036 387 3111 initio
406 3037 517 3137 operis
535 3056 636 3138 poeta
660 3037 733 3137 ipse
754 3036 956 3138 profitetur)
972 3036 1016 3107 ab
1034 3034 1173 3109 exordio

99 3140 268 3228 mundiali
287 3182 347 3227 sua
361 3182 468 3254 nsque
488 3172 637 3253 tempora
655 3154 850 3239 deductam,
871 3152 995 3225 fabulis
1011 3150 1149 3224 involvit
1164 3179 1172 3238 ;

101 3287 237 3359 uiarum
251 3266 446 3346 occasiones
453 3266 576 3367 partim
586 3296 605 3339 a
616 3294 726 3341 rerum
737 3284 902 3362 gestarum
918 3264 1091 3338 eventibus
1104 3264 1171 3338 hur:

99 3380 349 3455 accommodata
364 3400 464 3471 sunt,
486 3382 642 3483 partima
658 3402 785 3457 naturae
802 3380 1082 3480 subjectionibus,
1101 3378 1170 3453 alia

99 3491 240 3597 denique
256 3492 275 3571 a
292 3500 494 3578 moribuset
507 3500 779 3575 vitae¹communis
794 3496 1022 3572 admonitione
1039 3496 1169 3569 desum·

99 3626 178 3709 ptae,
196 3632 301 3687 tanto·
316 3614 448 3717 quidem
473 3644 550 3689 cum
568 3616 708 3689 artificio
726 3633 859 3714 tamque
880 3609 1029 3685 mirabili·
1040 3610 1171 3685 fabula-

98 3754 170 3801 rum
183 3731 328 3831 ipsarum
344 3732 605 3833 dispensatione,
619 3750 657 3807 ut
670 3760 740 3806 non
754 3732 854 3805 modo
869 3730 1074 3803 cruditorum
1089 3757 1170 3802 con-

98 3870 214 3921 uaros
222 3838 288 3923 boc
299 3834 389 3951 opus
396 3866 536 3950 propter
544 3850 743 3935 doctrinam,
760 3876 858 3949 quam
869 3846 1017 3919 continet
1027 3872 1066 3918 ex
1077 3846 1168 3918 omni

97 3960 318 4067 philosophiae
337 3990 456 4060 genere
478 3965 736 4066 amplissimam,
753 3962 950 4038 eruditionis
978 3960 1169 4034 thesaurum

97 4078 288 4177 iudicaverit
306 4110 313 4155 :
332 4083 390 4157 sed
406 4068 506 4157 ctiam
522 4112 561 4157 ex
580 4082 722 4169 Grecis,
735 4083 879 4183 itemque
892 4080 966 4154 aliis
977 4078 1167 4153 nationibus

100 4194 229 4274 maeno
241 4199 307 4273 siat
327 4198 452 4299 aliqui,
483 4197 541 4298 qui
559 4216 626 4273 tam
644 4196 792 4298 praeclari
815 4195 926 4297 operis
953 4196 1169 4271 admiratione
