3017 5000
440 494 540 561 rus
564 496 598 562 J.
622 492 862 563 srsssos’..
1142 498 1185 586 95

113 664 131 697 n
149 632 291 706 Pansam
307 631 462 706 Bononia
481 650 551 707 tum
567 632 804 734 procedentem
821 633 992 736 profectus
1007 652 1077 722 est3
1094 662 1189 708 eum·

114 780 130 810 n
151 775 216 847 qne
233 747 362 823 insidiis
380 766 552 850 exceptum
569 747 773 838 vulneravit,
790 749 912 824 milites
929 750 1000 849 ejus
1015 749 1184 824 occidit...

113 894 129 924 ι
150 862 263 959 Quam
280 890 351 937 rem
368 892 472 964 quum
490 864 600 938 Caesar
617 864 816 966 Hirtiusque
832 863 1090 951 intellexissent,
1106 864 1189 937 Hir·
1206 906 1208 909 ⁴

113 1010 129 1042 n
149 978 216 1053 tius
234 1006 274 1053 ex
288 980 407 1053 itinere
423 996 568 1080 utroque
580 986 762 1081 pugnaque
776 979 958 1077 defatigato
972 980 1123 1053 Antonio
1138 1008 1190 1053 oc-

114 1128 129 1159 »
147 1095 273 1182 currit,
302 1098 430 1170 Caesare
454 1094 496 1169 ad
514 1114 621 1171 castra
638 1096 842 1171 defendenda
860 1096 978 1170 relicto
999 1104 1031 1184 ¹,
1049 1124 1192 1195 eumque

112 1242 129 1275 a
146 1210 272 1305 insigni
299 1210 438 1285 victoria
473 1213 649 1311 superavit.
679 1246 697 1278 s
729 1213 915 1312 Subiungit
941 1210 1090 1285 Hirtium
1123 1240 1192 1284 non

109 1323 222 1411 modo,
240 1323 302 1397 sed
319 1342 355 1398 et
370 1326 533 1415 Pansam,
558 1328 787 1428 Caesaremque
810 1354 833 1400 a
855 1326 1003 1400 militibus
1024 1340 1191 1427 uictuque

108 1440 300 1539 inperitiores
316 1440 486 1516 numnam
505 1470 579 1516 csse.
604 1445 681 1517 lluc
698 1444 837 1547 respicit
852 1446 944 1519 Naso
964 1443 1008 1516 ad
1022 1460 1102 1517 ΠΗ
1121 1441 1186 1515 lut.

27 1628 28 1631 ,
109 1554 228 1645 ldaias,
246 1556 332 1631 ibid.
351 1584 434 1631 vers.
454 1556 618 1659 673-676
639 1589 646 1634 :

27 1690 28 1693 =
275 1724 355 1776 Hauc
364 1722 499 1792 quondam
512 1722 646 1796 Cytherea
659 1727 724 1777 dr'em
737 1726 923 1795 properantius
935 1726 974 1777 ire

307 1812 407 1881 Jussit,
420 1824 448 1867 et
458 1812 586 1869 ethereus
598 1814 770 1885 precipitavit
784 1834 881 1885 equos;

273 1904 315 1958 Ut
326 1909 426 1959 titutum
440 1912 625 1977 imperii'qsmm
639 1908 755 1976 primum
766 1911 950 1976 lucesqueuti

302 1998 427 2069 Augusto
438 1998 527 2067 juveni
535 2019 658 2069 prospera
671 2002 738 2052 bella
749 1998 845 2053 darem
857 2021 865 2065 ς

110 2137 291 2241 exquibus
315 2138 444 2241 liquido
463 2156 571 2240 patet,
589 2138 780 2239 praedictam
799 2136 842 2211 de
855 2138 904 2211 M.
919 2138 1072 2211 Antonio
1088 2139 1190 2213 veilo-

110 2259 180 2331 n'an
197 2268 211 2297 ²
230 2258 337 2332 fuisse
361 2274 587 2358 reportatam,
615 2283 652 2328 uc
676 2253 865 2355 imperatorii
884 2252 1022 2327 titulum
1048 2255 1191 2351 singulis

110 2376 249 2450 ducibus
274 2406 292 2451 a
318 2375 485 2451 militibus
509 2375 644 2463 datum,
670 2400 733 2474 pro
753 2372 869 2447 Ovidii
885 2371 1037 2462 calculis,
1055 2373 1109 2447 die
1126 2394 1189 2449 xv1
1226 2429 1229 2432 -

110 2492 236 2570 kalend.
265 2492 395 2580 Maias}
412 2509 512 2592 atque
529 2490 671 2593 proinde
693 2488 833 2564 Pansam
851 2488 965 2564 codun
982 2488 1038 2563 die
1056 2488 1192 2566 vulnera

109 2613 293 2715 accepisse;
320 2611 484 2713 siquidem
507 2611 576 2684 hoe
599 2608 736 2684 collatio
760 2636 836 2683 eum
854 2608 979 2683 Dionis
1000 2598 1191 2682 narratione

110 2727 224 2816 docet,
241 2745 342 2828 atque
355 2751 422 2826 prae
432 2724 557 2799 ceteris
570 2725 706 2812 Cicero,
719 2751 788 2797 rem
804 2722 949 2796 dilucide
958 2750 1166 2824 prosequens
1181 2753 1190 2796 ε

114 2875 129 2906 α
148 2843 261 2916 Unius
289 2857 420 2928 autem,
438 2839 485 2913 ait
503 2837 537 2927 ³,
555 2837 620 2912 diei
646 2855 729 2939 quot
749 2854 783 2910 et
805 2854 938 2938 quantu
953 2837 1114 2923 virtutes,
1130 2836 1191 2908 Dii

112 2991 129 3022 a
146 2955 362 3047 immortales,
371 2956 698 3056 luctuuti’Princeps
706 2953 795 3029 enim
806 2954 956 3028 omnium
968 2953 1075 3027 Pausa
1084 2949 1191 3053 praelii

113 3111 129 3141 n
148 3076 305 3163 faciendi,
329 3093 363 3150 et
379 3103 454 3148 cum
470 3074 623 3148 Antonio
640 3073 841 3170 confligendi
860 3073 972 3145 suit...
1002 3071 1069 3144 Sed
1086 3099 1191 3171 quum

115 3225 131 3254 o
152 3189 316 3264 libertatis
332 3188 426 3264 avida
444 3187 529 3285 legio
546 3187 927 3286 (Martia)ellrenatius
943 3187 979 3260 in
995 3183 1098 3258 aciem
1114 3184 1192 3256 hos

116 3339 132 3370 n
152 3308 233 3381 tium
249 3307 428 3407 irrupisset
438 3361 447 3394 ,
458 3306 596 3406 ipseque
604 3305 640 3376 iu
652 3303 770 3405 primis
781 3294 889 3377 Pausa
902 3319 1087 3404 pugnaret,
1103 3303 1191 3374 duo-

115 3459 133 3488 π
149 3425 213 3500 bns
235 3425 435 3528 periculosis
455 3421 649 3497 vulneribus
670 3421 788 3522 (NB)
805 3423 972 3524 acceptis,
1003 3417 1157 3494 sublatus
1173 3444 1191 3492 e

115 3575 134 3606 n
150 3543 264 3645 prelio
280 3542 413 3645 reipub.
433 3541 534 3615 vitam
549 3538 747 3626 reservavit,
767 3555 829 3612 etc.
847 3570 865 3602 »

157 3659 342 3756 Negotium
353 3678 463 3734 tamen
472 3659 548 3752 hic,
567 3657 681 3760 quoad
690 3653 797 3756 pretii
809 3652 917 3738 diem,
930 3649 1065 3724 facessit
1076 3647 1192 3723 Galbae

147 3856 156 3886 ¹
173 3853 244 3907 Eum
256 3871 364 3923 quoque
377 3851 472 3906 eodem
483 3850 525 3904 die
537 3868 596 3903 rem
608 3847 721 3901 feliciter
739 3847 821 3917 egisse
833 3853 945 3899 testatur
965 3839 1075 3906 Cicero,
1096 3839 1191 3908 Philip.

115 3951 160 3989 m
170 3955 178 3989 r
189 3959 202 3982 v
212 3935 267 3990 Hic
279 3953 360 4006 ergo,
373 3935 426 4001 ait,
439 3933 590 3987 adolescens
600 3931 707 3984 maximi
724 3929 823 3998 animi,
838 3939 868 3981 ut
878 3926 1013 3980 serissime
1024 3925 1115 3979 solbit
1125 3924 1192 3976 Hir·

116 4041 130 4066 ι
140 4019 204 4086 tius,
216 4029 305 4072 castra
320 4017 466 4071 multarum
479 4017 615 4088 legionum
626 4015 716 4085 paucis
731 4013 884 4070 cohortibus
899 4020 1001 4064 tutatus
1018 4020 1069 4072 est,
1093 4025 1192 4062 κωι·

116 4121 131 4146 ι
142 4101 257 4172 dumque
268 4102 392 4172 pralium
404 4099 478 4154 fecit.
488 4123 501 4147 v

148 4188 160 4217 ²
175 4186 216 4240 De
228 4205 280 4255 qua
291 4185 352 4238 vide
368 4183 547 4258 Ciceronem,
560 4181 629 4238 Phil.
640 4182 706 4239 xlv
717 4201 725 4249 ς
737 4181 782 4236 lis.
796 4182 837 4252 X,
850 4179 935 4248 Epist.
945 4177 1011 4232 fona.
1023 4193 1094 4244 m,
1109 4182 1158 4228 etc.

146 4265 157 4300 ¹
173 4269 266 4340 Philip.
279 4269 323 4324 lib.
333 4267 412 4323 le.
