3017 5000
461 382 559 451 PER
584 386 616 450 J.
645 380 869 451 Messon.
1139 388 1203 451 ³15

143 521 299 625 [erpellere
311 520 530 610 nominibus,
545 550 587 599 ne
601 522 668 599 illis
683 525 852 619 ingratum
868 524 955 599 soret
969 524 1132 614 officium,
1148 543 1207 599 aut

140 655 257 712 noceret
274 666 284 725 ;
299 636 428 737 (Trist.
449 635 510 711 lib.
528 641 601 725 lll,
626 636 718 733 Eleg.
739 656 802 723 111,
821 666 904 713 vers.
925 638 1041 711 63-68
1054 669 1063 728 ;
1078 638 1137 712 lib.
1163 642 1207 727 V,

139 756 218 853 Eleg.
245 776 309 845 tx,
333 782 418 832 vers.
440 754 576 850 31-34;
597 782 636 831 er
655 758 767 831 Ponto
782 756 842 831 lib.
861 758 932 845 Ill,
958 760 1205 859 Ep.t¹1,rers.

139 869 264 969 45-55)
286 870 418 945 tandem
436 872 501 965 hoe
518 896 607 945 anno
629 889 740 973 aperte
762 872 865 973 coepit
881 870 949 945 illis
975 871 1135 973 epistolas
1151 872 1207 945 iu-

138 987 288 1075 scribere,
306 1013 390 1089 qnas
404 1008 444 1062 lv
457 986 555 1077 libri,
568 1016 611 1063 es
624 987 727 1061 Ponto
741 989 778 1061 in
787 988 1021 1063 vetustissimis
1034 988 1208 1063 codicibus

138 1100 224 1192 dieti,
241 1102 523 1205 complectuntur.
553 1104 604 1175 lle
632 1129 778 1204 qnorum
801 1101 901 1177 titulo
931 1102 1138 1205 discrepante
1163 1104 1206 1179 ab

137 1216 186 1292 illo
201 1221 331 1323 qnoque
345 1218 517 1320 priorum,
533 1220 582 1295 sic
599 1218 660 1293 lib.
682 1224 720 1308 Ι,
739 1219 847 1321 Epist.
864 1239 899 1309 l,
915 1247 1000 1295 vers.
1025 1220 1155 1295 15-20:

288 1368 427 1435 Invenies,
442 1368 562 1438 quamvis
572 1385 628 1422 non
640 1379 680 1423 est
690 1366 846 1423 miserabllis
856 1367 953 1435 index,

327 1460 389 1513 Non
400 1460 490 1515 minus
502 1461 553 1514 hoe
563 1458 680 1532 (opere)
691 1460 735 1514 illo
748 1461 838 1527 triste,
850 1460 921 1529 quod
932 1471 994 1514 ante
1005 1459 1077 1514 dedi.

290 1552 381 1607 Rebus
392 1550 464 1605 idern
475 1593 483 1618 ,
494 1556 568 1606 lr'tulo
580 1552 688 1623 dffsem
700 1565 727 1608 et
739 1552 856 1623 Epistola
868 1553 911 1607 cui
921 1552 956 1607 sit

326 1645 388 1699 Non
399 1645 530 1700 occultato
542 1646 651 1699 nomine
663 1645 741 1699 missa
753 1646 847 1711 docet,
859 1655 908 1699 ete.

138 1761 250 1865 quibus
261 1763 382 1839 addere
396 1763 493 1838 lubet
508 1764 606 1840 hasce
619 1763 779 1867 epistolas
793 1763 908 1839 ordine
924 1762 1084 1865 temporis
1102 1762 1208 1838 editas

137 1906 196 1953 non
208 1905 302 1969 esse,
325 1880 471 1981 ipsomet
484 1879 630 1969 latente,
649 1880 708 1955 lib.
723 1883 794 1969 lll,
812 1884 877 1982 Ep.
897 1900 953 1970 lx,
971 1909 1054 1956 vers.
1071 1875 1208 1953 51-53:

291 2028 349 2085 Nec
358 2026 425 2083 liber
437 2038 467 2083 ut
477 2030 570 2097 fieret,
585 2028 631 2084 sed
643 2030 682 2083 nti
692 2049 740 2083 sua
750 2029 845 2099 cuique
857 2028 966 2083 daretur

257 2172 259 2177 .
324 2121 428 2189 Litora,
445 2122 609 2190 propositum
620 2140 736 2190 curaque
748 2132 838 2175 nostra
848 2120 915 2174 luit:

293 2210 439 2267 Postmodo
451 2210 583 2275 collectas,
597 2224 741 2283 utcumque
754 2212 812 2267 sine
824 2212 933 2280 ordine,
947 2212 1030 2281 junxi.

178 2326 327 2403 Primum
343 2328 478 2430 quidem
496 2328 624 2404 librum
641 2330 748 2404 Bruto
764 2331 1011 2419 transmittens,
1025 2331 1071 2405 ait
1087 2332 1151 2432 Ep.
1167 2351 1204 2404 1:

290 2476 361 2532 Naso
372 2476 522 2532 Tomitanae
534 2477 589 2546 iarn
600 2495 651 2532 uon
664 2496 743 2531 novus
753 2476 841 2532 incola
853 2488 931 2532 terre

327 2569 387 2623 Hor.
398 2569 451 2629 tibi
458 2570 491 2622 de
503 2567 598 2623 Getico
612 2568 688 2625 litore
704 2570 786 2624 mittit
798 2590 872 2639 opus.

137 2697 282 2771 Attamen
301 2697 410 2798 Epist.
432 2717 462 2771 11
481 2697 587 2770 Fabio
604 2696 776 2780 Maximo,
794 2694 929 2799 &errem
944 2695 1047 2770 modo
1063 2713 1203 2797 quartam

139 2813 234 2888 exsilii
245 2832 427 2903 memorat,
444 2840 525 2886 vers.
548 2839 591 2913 27
612 2831 646 2888 et
665 2814 732 2885 28:

295 2962 349 3016 Hie
360 2981 405 3016 me
417 2971 581 3032 pugnantem
594 2980 655 3016 cnm
665 2960 783 3031 frigore,
794 2979 910 3030 cumque
923 2959 1021 3031 sagittis
1032 2999 1040 3027 ‚

326 3053 451 3124 Cumque
464 3072 526 3108 meo
536 3054 607 3119 lato,
620 3063 711 3121 quarta
721 3051 812 3120 fatigat
823 3056 918 3122 hyems.

141 3201 230 3284 atque
249 3186 315 3286 Ep.
341 3201 411 3256 vlu
427 3196 605 3255 emmenum
624 3178 738 3252 itidem
758 3195 900 3278 quartum
920 3178 988 3275 jam
1008 3176 1130 3250 initum
1151 3174 1206 3249 in-

142 3297 236 3388 dicat,
254 3325 336 3373 vers.
356 3323 400 3397 27
421 3314 454 3370 et
472 3294 543 3368 28:

294 3443 335 3500 Ut
345 3463 424 3500 careo
434 3441 509 3498 vobis
521 3441 624 3515 Stygias
636 3440 760 3496 detrusus
770 3440 799 3492 in
812 3457 886 3503 oras,

329 3541 446 3605 θυίων
455 3545 590 3590 autumnos
603 3532 687 3600 Pleias
699 3542 756 3584 orta
769 3530 838 3583 lacit

142 3663 254 3766 quibus
272 3662 412 3763 hujusce
429 3661 508 3736 anni
521 3676 685 3736 mutunus
702 3686 740 3732 ae
758 3657 966 3756 subsequens
982 3653 1086 3760 hyems
1104 3655 1210 3728 ruani-

142 3777 215 3854 leste
235 3778 461 3874 designantur.
493 3775 627 3849 Etenim
654 3801 759 3874 quum
786 3770 930 3845 Ovidius
956 3783 1104 3841 autumno
1131 3769 1212 3842 anni

143 3895 179 3967 U.
198 3897 233 3969 C.
254 3911 398 3970 nccuxll
414 3895 524 3968 Roma
545 3889 751 3972 discesserit,
768 3901 895 3989 quartus
911 3887 954 3960 ab
972 3885 1032 3960 illo
1052 3899 1216 3959 nuturnnus

143 4011 249 4113 nequit
263 4011 369 4100 alius,
390 4027 611 4112 preterquam
623 3992 764 4106 hujusce
776 4003 876 4094 anni,
895 4004 930 4077 in
949 4033 1017 4105 quo
1031 4028 1215 4087 versamur,

146 4123 284 4226 intelligi.
300 4129 378 4202 Hoc
392 4142 502 4201 autem
517 4123 591 4197 loco
606 4124 731 4198 Noster·
741 4137 842 4194 notat
853 4135 1031 4194 nutmnuum
1044 4143 1106 4218 per
1117 4130 1217 4190 ortmn
