3017 5000
344 496 402 563 ¹9²
667 470 705 537 P.
740 470 923 539 Ovltttl
955 472 1085 541 VITA

336 596 449 711 Atque
466 610 585 697 etiam,
604 622 676 711 qua*
694 611 884 710 subjungit,
897 642 981 689 vere.
1002 640 1065 687 ror
1083 641 1092 686 ε

502 775 578 847 Quid
589 776 704 831 reseram
719 781 889 849 comitemque
901 776 988 846 orestis,
996 778 1164 847 famulosque
1176 780 1320 833 nocentes?

335 916 477 1003 docent,
497 915 655 989 Ovidium
672 944 690 988 a
706 944 740 990 se
759 915 893 1016 quidem
911 916 1035 989 crimen
1058 912 1143 987 iliud
1164 942 1334 1001 amovere,
1349 912 1401 987 set

334 1050 368 1105 et
384 1031 419 1103 in
436 1057 516 1103 suos
532 1029 652 1103 eomries
668 1029 704 1102 id
719 1030 853 1129 rejicere
876 1030 981 1129 nolas,
1004 1029 1095 1129 quod
1112 1027 1229 1126 plrmuli
1247 1025 1400 1101 revelare

332 1148 421 1233 rint,
441 1172 575 1244 quoque
592 1143 744 1239 cognito,
762 1144 834 1217 losi
848 1142 999 1242 princepis
1015 1143 1064 1215 iro
1083 1170 1159 1216 eum
1179 1141 1316 1240 jusserit
1338 1144 1401 1215 To·

333 1262 430 1335 mites
449 1286 613 1359 querere,
629 1260 678 1332 uti
696 1258 797 1332 habet
813 1287 896 1333 vers.
916 1286 961 1359 97
980 1275 1015 1333 et
1030 1258 1088 1357 98.

358 1381 497 1477 altoque
524 1375 609 1449 nihil
634 1394 804 1476 superest,
829 1376 893 1449 nisi
916 1393 954 1448 ut
981 1375 1147 1461 dicamus,
1170 1372 1255 1447 ittud
1282 1376 1399 1449 crimen

332 1494 434 1569 luisse
446 1496 570 1566 Jtttttt
581 1493 729 1587 Augusti
741 1494 869 1594 neptis,
887 1492 981 1590 cujus
1000 1493 1143 1568 Ovidius
1160 1493 1261 1567 luerit
1272 1495 1400 1595 quidem

331 1636 407 1684 reus
424 1608 552 1695 sactus,
571 1625 605 1681 at
627 1609 719 1709 quod
743 1609 808 1683 sibi
833 1609 937 1685 modo
954 1611 1062 1686 visum
1080 1629 1113 1683 et
1128 1638 1149 1683 a
1164 1611 1235 1685 suis
1250 1612 1402 1687 comitibus

331 1728 566 1813 commissum,
585 1725 722 1799 euadere
747 1745 897 1801 conatur.
915 1730 985 1802 Nec
1010 1746 1099 1801 certe
1116 1726 1207 1803 aliud
1223 1729 1337 1830 potuit
1350 1730 1400 1803 iris

331 1841 540 1945 temporibus
558 1844 752 1937 Augustum
766 1842 813 1918 ita
829 1843 961 1930 ledere,
986 1864 1026 1919 ut
1045 1846 1074 1919 ei
1092 1848 1224 1919 volnera
1242 1846 1399 1931 inferret,

330 1962 454 2061 quibus
466 1959 606 2033 maxime
622 1959 770 2034 indoleret
784 1969 793 1999 ¹
807 1990 816 2049 ;
832 1961 1101 2064 quandoquidem
1115 1964 1290 2057 Augustus
1306 1962 1400 2037 istam

328 2081 350 2151 J
353 2095 468 2151 Utltnt
486 2075 552 2149 hoc
568 2076 644 2175 ipso
667 2103 756 2149 auno
774 2077 938 2151 concitem
953 2076 1099 2151 adulterii
1113 2077 1300 2165 damnarit,
1324 2108 1399 2181 pro-

325 2194 471 2294 jecitque
486 2192 517 2263 in
533 2192 663 2265 insulem
679 2191 873 2278 Trimerum,
893 2192 982 2266 houd
988 2193 1103 2291 procul
1109 2194 1229 2291 Apulis
1240 2193 1396 2279 lr'ton'brm

326 2326 429 2411 prout
442 2306 602 2379 Tacitus²
621 2324 752 2394 narrat,
771 2336 848 2380 mox
864 2306 1012 2380 addens:
1030 2306 1107 2380 Illic
1120 2307 1233 2408 opimi
1243 2310 1335 2383 mori
1346 2336 1399 2381 ee-

325 2427 427 2501 silr'mrr
440 2422 597 2508 toleranti,
611 2424 770 2523 Angusto
779 2452 836 2524 ope
846 2438 1012 2497 sustentato
1022 2442 1082 2502 etc.
1096 2424 1168 2497 Hos
1183 2426 1272 2500 enim
1287 2448 1400 2502 xten-

325 2531 388 2616 uos
405 2541 432 2614 si
454 2538 551 2613 tollas
570 2538 610 2612 de
629 2567 717 2612 anno
736 2543 778 2612 U.
799 2539 837 2614 C.
863 2559 1063 2629 Dcctxttttt,
1083 2570 1151 2643 quo
1171 2542 1295 2616 totto
1317 2543 1401 2618 hanc

327 2660 450 2734 obiisse
459 2656 561 2764 tradit
570 2656 750 2730 historicus
761 2655 826 2744 ille,
839 2657 988 2759 reliquus
997 2659 1061 2732 erit
1069 2685 1120 2731 an.
1133 2660 1403 2748 U.C.1tcctxtt‚'

328 2801 394 2874 quo
419 2772 514 2846 tutia
535 2771 632 2871 neptis
649 2769 792 2867 relegata
811 2771 912 2846 luerit
926 2771 957 2860 ³,
976 2774 1027 2847 uti
1041 2775 1106 2872 jam
1125 2774 1255 2876 pridem
1273 2776 1400 2849 doctis·

301 2969 303 2974 ’
325 2977 412 3034 tetur,
427 2966 487 3020 Non
495 2963 604 3032 [eternus
614 2983 736 3031 causam,
757 2963 803 3018 sed
822 2983 885 3018 suus
903 2979 999 3018 annon
1017 2964 1104 3020 habet
1119 2988 1133 3012 ¹·
1146 2965 1209 3019 vid.
1223 2975 1249 3019 et
1263 2966 1399 3037 Eleg.r1,

323 3071 389 3103 vers.
408 3049 500 3103 25-35.

358 3145 366 3174 ¹
385 3141 575 3212 ingemiscebat
586 3141 720 3212 Augustus
734 3139 766 3194 ad
778 3159 889 3195 omnem
902 3142 1025 3213 Agrippa
1036 3139 1176 3198 Posthumi
1183 3139 1287 3211 nepotis
1299 3145 1396 3212 (quem

322 3227 402 3281 etiam
415 3225 444 3276 in
456 3225 567 3280 insulem
580 3227 828 3294 transportaverat)
842 3234 870 3278 et
878 3227 1008 3278 luteorum
1017 3231 1178 3288 acutiorem,
1195 3243 1242 3278 sec
1252 3229 1399 3282 onerates

210 3367 213 3372 ,
320 3310 449 3376 adpellare
459 3305 559 3360 solebat
570 3325 645 3376 quam
656 3319 709 3360 tres
721 3307 835 3360 vomicas
848 3315 895 3360 aet
905 3308 1080 3361 carcinomata
1094 3325 1156 3371 sue3
1171 3307 1237 3360 sicut
1252 3307 1396 3361 Suetonius

320 3389 448 3460 proditio
461 3389 530 3459 Aug.
542 3410 597 3460 cap.
606 3391 647 3446 55.
1301 3463 1305 3468 Α

353 3484 366 3514 ¹
383 3481 479 3535 Annai.
491 3481 535 3534 tit.
552 3481 602 3549 IV,
617 3501 672 3552 cap.
686 3503 714 3552 7¹
728 3503 735 3546 ς
749 3481 801 3535 vid.
816 3492 843 3536 et
854 3480 897 3535 tit.
912 3481 968 3549 111,
982 3499 1037 3551 cop.
1052 3484 1100 3549 24,
1115 3499 1145 3537 ec
1156 3482 1267 3536 Sueton.
1283 3483 1314 3535 in
1326 3485 1397 3553 Aug.

318 3587 374 3638 cap.
386 3569 428 3621 65.
718 3629 725 3636 ,

352 3657 364 3689 ³
381 3657 473 3727 Quam
488 3659 577 3728 inepte
590 3659 617 3711 ,ἱ
637 3661 749 3712 Clerr'cus
766 3659 815 3712 hoc
827 3658 953 3728 corpserit
963 3659 1146 3726 ratiocinium,
1160 3657 1277 3728 pluribus
1291 3659 1397 3714 mendi

319 3739 393 3810 pret.
406 3739 438 3792 ad
451 3742 533 3794 Plinii
546 3741 603 3810 jun.
621 3741 709 3794 ritant.
724 3741 761 3792 Ar
772 3757 860 3808 opere
873 3739 988 3809 pretium
1005 3749 1114 3794 nonest
1131 3759 1270 3795 censuram
1283 3739 1328 3794 hic
1346 3760 1398 3794 re-

320 3823 434 3896 pellere,
449 3844 508 3895 que.
520 3843 657 3894 nunquam
670 3825 790 3898 prolecto
802 3825 879 3879 aliam
893 3827 980 3880 subire
993 3837 1112 3880 mentem
1123 3827 1227 3898 poterit.
1243 3825 1398 3882 Obserrent

317 3906 398 3960 modo
411 3905 528 3976 juniores
543 3907 631 3960 minus
646 3908 672 3960 in
686 3906 726 3960 his
738 3903 808 3961 tricis
821 3907 915 3961 versati
925 3947 933 3973 ‚
945 3908 1068 3961 Tacitum
1085 3907 1169 3962 solere
1183 3929 1231 3979 per
1246 3913 1397 3962 consulatus

319 3999 475 4060 supputere,
491 4001 570 4058 atque
580 3991 720 4060 scriptores
732 3991 947 4059 frequentissime
963 4012 1046 4046 annos
1061 3997 1236 4062 incompletos.
1256 4011 1305 4063 pro
1319 4013 1398 4045 con-

312 4078 406 4141 pletis,
421 4072 554 4144 adhibere.
576 4072 616 4126 ltu
635 4071 657 4126 si
674 4078 821 4128 ueterrima
840 4085 868 4130 et
884 4077 1010 4130 ultimum
1029 4093 1130 4129 annum
1147 4075 1227 4129 exsilii
1239 4077 1317 4128 Istr'e
1327 4093 1393 4129 curn

318 4175 390 4210 enno
402 4157 438 4210 U:
458 4155 491 4212 C.
508 4159 551 4226 701
573 4157 734 4227 copulaverit
744 4159 817 4226 juxta
829 4158 916 4214 Tadii
928 4159 1056 4224 calculos,
1075 4168 1134 4212 tum
1146 4159 1291 4214 necessario
1304 4156 1392 4212 annus

317 4242 351 4294 U.
367 4242 398 4296 Cr
414 4245 460 4308 752
474 4244 525 4300 erit
535 4243 637 4314 primus
649 4243 807 4299 eorumdem
820 4261 857 4299 xx
869 4243 949 4298 exsilii
959 4263 1091 4298 annorum
1101 4283 1109 4312 ,
1121 4255 1170 4298 etc.
