3017 5000
269 451 291 536 d
548 455 588 520 Ρ.
626 453 803 524 OVIDII
831 456 1058 528 NASONIS

317 592 384 666 Pro
402 609 469 666 tam
486 611 660 668 mansueto
678 613 814 697 pectore
831 626 963 700 semper
978 629 1082 696 agam.

265 707 393 784 Audiet
407 708 476 783 haec
495 709 650 786 Pontus:
667 711 766 786 faciat
784 743 918 816 quoque
935 718 1077 792 forsitan
1094 718 1201 810 idem,

314 827 417 902 Terra
434 828 480 901 sit
496 845 535 902 ut
549 830 691 930 propior
708 831 915 907 testificanda
933 833 1026 908 mibi.

264 944 314 1018 Ac
330 942 411 1031 tibi,
430 939 561 1018 calcasti
578 945 636 1046 qui
655 975 729 1037 me,
748 946 913 1038 violente,
927 949 1107 1048 jacentem,

314 1057 512 1158 Quamlibet
530 1078 563 1134 et
578 1061 701 1137 misero
718 1062 853 1139 debitus
870 1064 979 1140 bostis
995 1096 1064 1142 ero.
1311 1093 1346 1144 30

264 1177 405 1252 Desinet
422 1203 494 1252 esse
510 1177 604 1279 prius
620 1179 810 1254 contrarius
826 1181 964 1277 ignibus
979 1183 1121 1274 humor,

312 1293 500 1393 Junctaque
517 1321 593 1367 cum
610 1295 705 1367 Luna
724 1291 851 1368 lumina
869 1295 958 1371 Solis
974 1315 1091 1387 erunt;

263 1407 411 1508 Parsque
430 1406 543 1482 eadem
560 1405 630 1480 caeti
647 1409 820 1510 Zephyros
834 1411 963 1486 emittet
980 1431 1015 1488 et
1028 1417 1157 1502 Euros,

311 1525 357 1597 Et
375 1521 508 1624 tepidus
525 1519 637 1619 gelido
653 1521 749 1598 [labit
765 1525 808 1599 ab
827 1555 886 1602 arc
903 1529 1034 1619 Notus;

261 1643 308 1716 Et
323 1670 410 1716 nova
426 1639 573 1716 fraterno
591 1642 702 1715 reniet
719 1644 899 1718 concordia
913 1645 1024 1734 sumo,

310 1762 420 1859 Quem
439 1775 533 1833 vetus
549 1786 684 1833 accensa
702 1778 832 1860 separat
847 1761 896 1835 ira
915 1791 1018 1864 pyra,

260 1878 307 1951 Et
322 1877 391 1951 Ver
404 1877 599 1962 Autumno,
619 1875 753 1949 Brumae
770 1877 966 1953 miscebitur
982 1879 1113 1966 AEstas3

307 1997 421 2096 Atque
439 1992 554 2069 eadem
571 1992 665 2088 regio
684 1995 814 2096 Vesper
828 2013 862 2070 et
881 1997 990 2071 Ortus
1007 2013 1128 2084 erunt,

256 2177 326 2249 gusti
339 2173 574 2230 mansuetudinem
588 2173 774 2228 clementiam·
856 2178 898 2232 da.
912 2179 1024 2232 &nisa
1035 2177 1111 2231 Mis.
1131 2176 1173 2230 Ut
1185 2177 1285 2230 vitetur
1297 2205 1342 2234 ee-

259 2276 311 2327 que
323 2256 419 2327 passim
432 2254 591 2326 depraedicat
603 2265 690 2324 poeta
701 2256 776 2310 Hine
823 2261 952 2329 stuperes,
962 2255 1034 2326 quud
1042 2255 1336 2319 testimenium,

257 2335 318 2396 illa:
333 2339 464 2388 eritbertus
475 2335 578 2400 Cusus,
594 2333 622 2386 lt
633 2333 713 2388 Trist
727 2353 774 2402 a7;
824 2335 915 2390 mallet
930 2335 1103 2389 Burmannus
1115 2351 1175 2387 cum
1191 2333 1340 2388 Sarraviau.

258 2425 287 2469 et
297 2419 434 2468 ms'te'sss'mu
445 2413 554 2466 Cesurr's
565 2417 612 2464 rte.
625 2410 742 2465 Dnssttt.
824 2417 928 2478 sidem
945 2431 1005 2483 quse
1022 2413 1185 2482 permutatio
1198 2412 1343 2482 frequens:

293 2514 333 2564 a7.
351 2493 448 2548 Audiet
463 2492 512 2543 doc
531 2489 635 2543 Pontus.
654 2487 776 2557 Quidstn
823 2502 936 2559 tempora
954 2502 1011 2545 erat
1024 2490 1051 2543 iu
1066 2489 1185 2553 duobus;
1201 2489 1271 2545 utin
1285 2491 1343 2545 Re-

260 2572 363 2627 Audu’at
373 2574 434 2623 dec.
447 2566 776 2620 H.-Aud1'etdaecPort-
824 2567 895 2621 med.
912 2570 961 2622 585
976 2587 983 2620 a
1000 2590 1014 2614 e
1035 2568 1151 2621 Tristior
1169 2566 1267 2622 idcirco
1288 2586 1342 2623 nox

258 2648 464 2706 metcsensuu
474 2654 530 2699 est:
544 2642 642 2698 Audict
651 2648 706 2705 doc.
719 2644 774 2698 sive
824 2657 880 2713 est,
896 2664 976 2716 qnam
991 2657 1110 2715 tempora
1124 2646 1227 2701 Pboebi.
1236 2670 1250 2695 s

259 2732 333 2791 dec,
350 2725 378 2779 id
394 2735 455 2790 est,
480 2722 625 2793 gratiarum
641 2721 774 2775 actionem
858 2725 899 2778 33·
911 2728 1026 2793 Parsque
1035 2728 1123 2779 eudem
1134 2729 1195 2778 cele·
1202 2726 1339 2797 Zephyros.

258 2825 365 2869 meam
380 2814 407 2857 et
417 2805 482 2856 idem
494 2800 547 2855 scil.
558 2798 648 2853 Caesar
658 2797 775 2854 fortassis
824 2801 929 2856 Ventos
948 2802 996 2857 bos
1017 2803 1182 2870 cardinales,
1203 2806 1248 2873 qni
1267 2824 1340 2875 qua-

250 2884 350 2954 sacr'et,
363 2890 394 2934 ut
401 2889 469 2932 term
474 2882 580 2945 proprior
587 2881 624 2929 si!
631 2880 775 2929 mr'ht'testi-
823 2891 902 2949 tuos,
915 2881 1094 2951 pulcherrime
1107 2882 1339 2937 describitl‘l'rist.

247 2963 368 3033 ficossia,
378 2958 428 3012 ltoc
434 2966 486 3021 esd,
496 2954 697 3019 lesllscldanda,
706 2972 774 3007 met
824 2958 899 3029 Eleg,
911 2974 947 3025 11,
961 2980 998 3013 vs,
1011 2980 1056 3031 27:
1070 2983 1082 3006 u
1097 2960 1167 3014 Nam
1179 2961 1261 3013 modo
1272 2980 1340 3031 pur-

257 3058 320 3111 erga
337 3038 412 3091 illum
427 3032 596 3105 gratitudinis
613 3050 620 3084 ε
639 3032 773 3101 per.quod
823 3054 907 3107 puseo
924 3038 993 3090 eires
1012 3037 1082 3107 capit
1103 3038 1192 3091 Eurus
1208 3038 1241 3090 ab
1256 3048 1337 3104 ortu,

256 3120 364 3185 innuit,
382 3137 410 3171 se
428 3112 551 3169 nondum
571 3130 681 3164 omnem
696 3130 771 3180 spem
822 3116 902 3169 Nunc
913 3114 1052 3187 Zephyrus
1070 3135 1129 3168 sero
1145 3134 1253 3184 vespere
1266 3115 1339 3168 mis-

256 3198 379 3268 abjccisse
394 3192 523 3265 propioris
542 3210 572 3245 ac
589 3189 773 3245 tolerabilioris
821 3212 865 3247 sus
873 3194 955 3246 adest.
965 3194 1044 3247 Nunc
1054 3192 1155 3263 gelidus
1164 3193 1230 3247 sicca
1239 3194 1338 3247 Boreas

256 3277 346 3333 exsilii.
354 3274 439 3344 Quasi
449 3271 518 3325 dicat
528 3289 535 3323 ι
549 3271 674 3338 despero
684 3266 773 3321 Caesa·
821 3270 963 3325 bacchatur
970 3270 1002 3323 ab
1011 3271 1103 3335 Arcto,
1112 3272 1192 3324 Nsrnc
1200 3272 1286 3325 Notus
1292 3270 1338 3324 ad·

257 3377 314 3411 rem
331 3355 466 3424 aliquanto
481 3350 667 3422 placatiorem,
680 3346 772 3401 mitius
821 3367 897 3403 versa
909 3349 997 3419 praelia
1010 3348 1098 3402 fronte
1112 3349 1208 3419 gertus
1221 3348 1336 3403 omues.

255 3437 375 3492 exsilium
395 3430 537 3503 aliqnando
554 3428 620 3483 mibi
643 3427 771 3497 adsigna·
854 3426 895 3479 35.
908 3429 1019 3479 lirrosa
1029 3437 1079 3479 etc.
1089 3426 1158 3479 Nota
1169 3436 1208 3479 est
1218 3425 1337 3480 sabulosa

254 3527 355 3572 turum.
374 3511 427 3566 Sed
444 3520 567 3563 mortuus
581 3518 621 3561 est
637 3506 664 3558 iu
682 3506 771 3561 exsilio
820 3502 929 3557 historia
950 3504 1065 3557 Eteoclis
1086 3514 1113 3557 et
1131 3504 1264 3576 Polynicis
1279 3504 1336 3558 lra-

255 3593 387 3658 Ouidius,
401 3586 768 3662 Olymp.cxc1x,kalendar.
820 3592 911 3646 trum,
928 3598 1023 3650 rogum
1038 3580 1143 3634 induas
1159 3592 1246 3650 partes
1261 3580 1336 3634 divi-

254 3670 378 3744 januarii,
388 3670 470 3723 astatis
479 3667 538 3733 Lx,
545 3665 646 3719 Tiberii
659 3683 770 3735 regnan·
818 3679 878 3714 sum
891 3680 945 3713 esse
959 3678 966 3711 τ
979 3682 992 3705 α
1002 3658 1175 3712 Scinditurin
1184 3670 1280 3729 partes,
1292 3678 1337 3728 ge-

253 3751 286 3807 ssi
298 3760 401 3821 quarto.
418 3748 522 3801 lllrcrt..
819 3740 946 3808 miroque
955 3739 1091 3791 cacumine
1101 3740 1184 3809 surgit
1193 3759 1200 3801 ;
1210 3762 1223 3780 ι·
1237 3738 1336 3790 Lucan.

285 3850 327 3899 aq.
338 3830 460 3881 calcasti.
471 3822 603 3879 insultasti
613 3820 710 3891 injuria
720 3820 768 3874 ad·
820 3820 911 3873 Pbars.
923 3821 965 3873 tib.
975 3820 986 3873 l
997 3838 1081 3886 ,vers
1091 3823 1137 3873 551
1150 3839 1157 3873 z
1172 3842 1185 3865 α
1196 3818 1334 3874 Scinditur

250 3889 330 3963 se'ctb.
343 3904 422 3958 Dott.
817 3898 845 3950 in
858 3893 944 3966 partes
957 3908 1013 3949 atra
1025 3896 1112 3951 favilla
1128 3897 1209 3961 duas;
1224 3918 1238 3945 a
1252 3896 1333 3951 ovid.

285 3987 324 4039 30.
345 3983 490 4050 Quamlibet
500 3989 526 4033 et
535 3984 634 4033 rausero.
654 3976 763 4044 Scribe,
818 3977 897 4029 Trist.
910 3976 953 4028 lib.
968 3977 1010 4043 V,
1023 3976 1065 4029 El.
1077 3992 1111 4042 v,
1127 3996 1193 4029 vers.
1210 3976 1251 4029 35.

253 4063 411 4132 Quamb'bet.
428 4069 455 4112 et
466 4056 508 4109 adi
523 4057 605 4111 Notas
614 4055 644 4108 ad
658 4056 765 4125 Epvt.
850 4056 891 4108 36.
900 4061 982 4122 Quum
991 4068 1071 4111 scetus.
1086 4061 1166 4125 (duest
1175 4076 1207 4110 ex
1217 4068 1333 4127 quatuor

249 4136 329 4197 Η.-
340 4139 490 4205 Quamlibet.
506 4134 677 4205 Quacumque
688 4143 765 4203 parte
816 4138 926 4207 scriptis.
940 4138 1042 4192 naurs.

250 4220 363 4277 licuerit.
376 4218 446 4270 Zn.
850 4217 891 4270 38.
898 4220 1023 4287 Vespere!
1033 4219 1171 4271 Ortusen't.
1177 4217 1332 4271 Etruscum
