3017 5000
349 490 408 554 158
667 484 706 553 P.
746 486 931 553 OVIDII
960 484 1100 553 VITA

341 627 446 702 Morti
466 626 574 699 Ultori
586 622 745 727 templum
776 628 950 723 Angustus
975 654 1038 701 suo
1061 624 1097 697 in
1122 626 1208 699 Foro
1236 625 1401 704 dicaverat.

342 740 444 837 Quod
463 737 569 812 valide
587 739 801 813 confirmatur
818 769 858 813 ex
875 737 976 813 reteri
997 736 1186 813 kalendario
1213 746 1246 826 ¹,
1270 768 1337 840 quo
1361 741 1398 815 ad

339 857 489 931 eumdem
507 856 592 929 diem
611 856 681 929 laec
698 856 893 950 signantur:
912 858 1006 929 Lon.
1025 856 1145 953 MART.
1165 873 1203 929 nr
1219 874 1314 931 ctttc.
1336 861 1400 932 Nec

338 973 539 1067 ibidem,nec
549 971 621 1045 aliis
632 969 898 1045 kalendariornnr
910 969 1280 1066 fingmentisadullnm,
1291 990 1403 1073 prater

337 1087 433 1165 illum
450 1072 535 1163 diem
553 1085 624 1161 ludi
641 1104 802 1163 notantur
818 1086 923 1161 Marri
938 1088 1032 1161 sacri.

387 1206 435 1277 Ut
451 1232 529 1277 reru
548 1201 774 1277 difficultatem
790 1202 853 1275 lrec
869 1202 903 1279 in
921 1230 956 1275 re
968 1231 1009 1275 ex
1022 1199 1151 1275 Velleio
1163 1218 1290 1276 motam
1305 1201 1404 1276 solvat

337 1322 616 1397 eminentissimus
627 1320 782 1395 Norisius
796 1329 821 1407 ²,
833 1320 902 1393 haec
913 1318 1046 1419 quidem
1060 1320 1201 1417 regerit:
1218 1354 1236 1384 «
1249 1319 1404 1417 Quamvis

339 1472 358 1503 »
378 1436 546 1525 Velleius,
566 1435 708 1511 Caninio
735 1435 872 1509 consule
892 1435 1088 1523 nominato,
1105 1434 1266 1536 templum
1290 1434 1404 1509 Martis

341 1586 358 1619 o
380 1552 567 1625 dedicatum
581 1568 765 1639 recenseat,
783 1568 981 1625 nontamen
997 1567 1077 1651 post
1092 1550 1156 1623 tal.
1170 1550 1279 1624 Jud'as
1293 1548 1305 1589 ³
1320 1549 1405 1624 dedi·

339 1702 357 1733 »
376 1668 463 1741 catio
480 1684 611 1767 peracta
630 1666 695 1741 suit
717 1698 724 1739 ε
746 1696 825 1741 nam
840 1664 1074 1761 gladiatorium
1091 1683 1220 1741 tantum
1235 1694 1356 1741 munus
1371 1695 1405 1741 ac

340 1818 357 1849 u
379 1784 580 1858 Naumachia
597 1783 711 1857 eodem
735 1783 913 1858 consulum
928 1782 1072 1879 collegio
1094 1783 1281 1879 signantur,
1299 1786 1405 1860 addita

341 1934 358 1965 υ
380 1918 495 2001 postca
519 1900 633 2003 templi
660 1900 783 1975 Martis
800 1901 1065 1990 consecratione,
1081 1928 1124 1973 ne
1142 1929 1209 2005 rem
1235 1900 1307 2001 ejus
1331 1894 1403 1975 anni

341 2048 358 2079 »
380 2014 625 2089 narmorandam
650 2014 803 2089 omisisse
824 2012 1003 2088 rideretur.
1022 2048 1042 2079 »
1068 2017 1117 2089 At
1133 2042 1239 2114 quum
1258 2014 1342 2089 mihi
1365 2014 1405 2089 sit
1466 2084 1470 2091 ,

337 2154 552 2232 persuasum,
569 2156 605 2201 ea
624 2127 810 2229 spectacula
824 2125 1026 2229 pertinuisse
1042 2127 1083 2201 ad
1100 2128 1205 2228 ipsam
1221 2126 1338 2231 templi
1352 2128 1403 2201 dt-

338 2246 554 2331 dicationem3
575 2245 650 2318 ideo
673 2244 738 2343 jam
764 2243 844 2318 olim
861 2242 962 2317 malui
980 2243 1105 2329 dicere,
1125 2242 1288 2320 Velleium
1308 2243 1403 2318 modo

336 2362 485 2436 voluisse·
498 2392 535 2435 ea
553 2362 710 2461 temporis
726 2379 806 2433 nota
819 2360 923 2435 th'oe
937 2358 1197 2455 relegationem,
1209 2360 1250 2435 de
1265 2390 1331 2463 qua
1344 2360 1403 2433 hoc

338 2479 411 2554 loco
428 2478 594 2582 precipue
608 2477 692 2575 agit,
710 2478 861 2573 signare,
884 2505 922 2549 ac
942 2474 1141 2572 siguificare,
1159 2505 1230 2550 eam
1245 2494 1326 2578 post
1344 2477 1402 2551 ista

337 2595 522 2697 spectacula
542 2595 740 2690 contigisse,
759 2623 863 2694 quum
882 2621 1000 2693 nempe
1023 2593 1091 2691 jam
1106 2595 1282 2688 Augustus
1303 2625 1324 2668 a
1340 2593 1401 2666 tat

336 2714 410 2787 lut.
429 2711 480 2786 vel
495 2713 538 2784 ab
556 2710 629 2785 aliis
643 2711 908 2814 quibuscumque
924 2709 1209 2795 antecedentibus,
1229 2709 1401 2785 Caninium

338 2826 497 2921 collegam
514 2827 548 2898 in
562 2825 736 2900 consulatu
751 2823 911 2902 haberet.
928 2839 963 2894 at
980 2843 1054 2895 ante
1065 2821 1250 2922 Septembris
1263 2827 1401 2914 exitum,

337 2970 512 3044 quousque
529 2971 589 3043 per
604 2968 707 3016 norem
723 2968 854 3014 menses
869 2937 1077 3012 consulatum
1095 2938 1260 3032 gessisse⁴
1277 2941 1404 3014 ridetur

336 3063 521 3154 Augustus.
532 3059 617 3154 Quae
628 3056 857 3156 interpretatio
869 3081 1007 3155 prorsus
1016 3051 1132 3127 Velleii
1146 3057 1317 3130 contextui
1331 3083 1403 3129 con·

337 3193 490 3250 sentanea
502 3171 686 3259 videbitur,
705 3169 732 3247 si
746 3170 892 3246 animum
903 3168 1007 3244 lector
1018 3187 1183 3245 attentum
1196 3171 1238 3246 ad
1252 3171 1402 3249 eumdem

334 3305 494 3476 Vllllllltttt
507 3427 608 3502 porro
624 3395 851 3516 difficultatum
865 3396 981 3496 objicit
994 3397 1080 3481 Dio,
1097 3398 1166 3470 lraec
1179 3396 1221 3470 ad
1234 3426 1288 3471 an.
1304 3401 1348 3472 U·
1362 3397 1398 3470 C·

369 3603 378 3634 ¹
397 3599 468 3653 Vide
481 3599 589 3652 Gruter.
600 3617 657 3668 pag.
673 3597 727 3650 133.

367 3694 380 3724 ²
398 3693 438 3745 De
456 3691 552 3745 Cenot.
566 3689 617 3744 Pis.
636 3708 694 3759 pag.
709 3689 762 3740 183.

367 3783 379 3818 ³
395 3784 419 3839 Α
435 3784 528 3854 quibus
545 3780 672 3834 nimirum
687 3778 724 3832 lll.
740 3777 782 3832 ille
797 3778 838 3831 vir
854 3789 943 3834 censet
956 3779 1074 3834 mentes
1085 3777 1221 3846 suffectos,
1234 3777 1275 3834 lris
1292 3777 1401 3847 Augusti

338 3867 515 3938 temporibus,
527 3867 607 3920 fasces
623 3865 726 3935 gessisse
742 3874 895 3928 semestres,
913 3863 984 3934 quod
996 3866 1024 3916 in
1042 3865 1180 3918 Fastorum
1191 3861 1347 3933 fragmentis
1356 3881 1400 3914 su-

336 3952 485 4024 perstitibus
499 3950 648 4016 videamus,
665 3949 840 4016 nonnullosid
850 3967 933 4019 genus
943 3948 1062 4002 consules
1072 3950 1104 4002 sl>
1116 3949 1209 4005 iisdem
1219 3947 1268 4002 kal
1282 3948 1338 4002 Jul-
1346 3965 1402 4000 rna·

337 4038 474 4110 gistratum
486 4036 561 4089 inire.
577 4036 678 4086 Verum
690 4032 787 4088 exinde
801 4045 874 4088 certo
885 4033 996 4088 minim
1005 4035 1141 4102 sequitur,
1154 4033 1292 4088 necetiam
1298 4028 1401 4086 aliunde-

337 4121 478 4190 probatur,
495 4118 565 4174 huuc
579 4135 682 4172 morem
694 4115 804 4187 singulis
812 4119 1049 4174 commatum
1060 4116 1210 4173 obtinuisse„

370 4212 381 4248 ⁴
402 4210 471 4264 Vide
485 4209 547 4262 Jani
562 4207 724 4277 Templum,
742 4227 799 4276 pap.
814 4208 871 4275 3²7·
