3017 5000
335 506 403 575 nn
426 508 466 574 r.
494 506 692 576 ovrnro
714 503 941 574 assona.
1114 507 1180 600 37³

109 642 278 730 mendosa,
296 647 388 717 unde
402 661 516 716 tamen
531 645 629 715 utilia
644 645 778 716 odorari
793 654 1004 740 poteramus,
1022 660 1181 739 'suppres-

109 770 225 826 serunt.
240 787 256 824 r
273 761 474 852 Fragmenta
499 757 652 852 qnaedam
673 759 881 851 grammatici
903 759 1025 824 veteris
1047 759 1082 824 in
1102 758 1181 825 Ibin

107 865 323 962 prodierunt,
340 871 447 936 Paris.
468 870 566 952 1581,
585 869 675 960 typis
690 868 848 959 Dionysii
862 870 1046 952 Pratensis,
1056 866 1118 936 sed
1129 870 1185 935 in·

111 978 245 1067 tcgriora
267 978 393 1046 scholia
418 976 475 1046 illa
497 1003 535 1046 ex
561 971 693 1045 duobus
719 978 810 1048 MSS
837 977 1011 1045 codicibus
1033 975 1183 1068 vulgarit

112 1085 276 1167 Boessius,
297 1099 336 1152 ut
352 1099 430 1154 ante
446 1087 587 1156 dictum.

150 1221 193 1287 X.
213 1219 446 1305 Halieuticon,
466 1223 537 1290 sive
554 1223 597 1292 de
608 1223 751 1316 piscibus
767 1224 856 1292 liber
870 1221 1063 1317 acephalos,
1079 1223 1185 1290 versi-

111 1328 165 1396 bus
180 1332 390 1400 hexametris.
405 1335 515 1418 Hujus
528 1336 688 1426 poematis
703 1336 830 1402 mentio
844 1332 935 1427 apud
951 1333 1041 1400 Plin.
1058 1333 1179 1415 XXX,

116 1459 161 1504 ιι.
180 1439 273 1506 «His
289 1437 483 1526 adjiciemus
498 1439 540 1506 ab
559 1438 685 1508 Ovidio
702 1443 812 1534 posita
827 1443 964 1508 nomin'a
973 1489 985 1524 ,
1003 1464 1077 1532 quae
1092 1421 1184 1532 apud

110 1550 269 1615 neminem
285 1548 388 1615 alium
403 1551 638 1642 reperiuntur,
665 1547 725 1616 sed
746 1549 893 1616 fortassis
913 1550 950 1614 in
969 1550 1078 1614 Ponto
1099 1571 1179 1616 nas·

111 1670 223 1726 cuntur
228 1711 238 1742 ,
258 1658 319 1726 ubi
334 1657 371 1724 id
385 1658 545 1726 volumen
558 1660 722 1750 supremis
736 1660 804 1725 suis
818 1658 1028 1752 temporibus
1045 1659 1185 1726 inchoa·

111 1770 164 1836 vit.
183 1797 199 1834 r
225 1768 323 1837 Idem
344 1795 419 1862 cap.
438 1795 483 1838 a:
505 1769 627 1837 «Mihi
643 1765 803 1836 videntur
816 1772 921 1852 mira,
945 1793 1020 1862 quae
1039 1769 1183 1838 Ovidius

111 1877 215 1970 prodit
229 1881 374 1972 piscium
391 1880 526 1972 ingenia
543 1879 579 1944 in
594 1901 634 1944 eo
648 1875 839 1960 volumine,
859 1877 953 1971 quod
966 1879 1183 1947 Halienticon

111 1989 309 2058 inscribitur.
330 2019 347 2054 s
368 1986 554 2056 Illustravit
568 1985 633 2055 boc
648 1980 872 2078 fragmentum
887 1986 1050 2053 Hercules
1070 1985 1185 2054 Ciosa·

111 2123 182 2184 nus,
198 2127 278 2169 ann.
300 2101 398 2168 1580.
411 2097 481 2167 vid.
499 2111 533 2167 et
546 2097 682 2167 Swartii
695 2095 857 2164 Analecta
870 2099 907 2179 1,
924 2099 958 2164 5.
972 2097 1088 2165 Exstat
1101 2121 1184 2191 qno-

113 2210 217 2300 quein
231 2208 396 2302 poematis
409 2206 556 2299 antiquis
569 2206 608 2272 P.
627 2202 763 2272 Pithoei.
777 2201 869 2270 Vide
885 2215 920 2268 et
933 2203 1044 2271 Vossii
1055 2205 1120 2280 lv,
1137 2203 1177 2287 6,

113 2326 142 2380 et
158 2315 211 2401 14,
228 2319 339 2409 operis
354 2314 504 2408 preclari
520 2311 563 2380 dc
576 2311 788 2394 Idololatria,
805 2312 866 2380 ubi
881 2311 963 2380 locis
978 2311 1181 2404 quibusdam

112 2422 319 2492 Halieuticcn
331 2425 441 2492 lucem
457 2421 567 2490 affert.
588 2420 733 2490 Fallitur
746 2421 925 2505 Bartbius,
945 2423 1004 2515 qni
1017 2420 1181 2517 Olympio

111 2531 299 2601 Nemesiano
311 2534 376 2600 hoc
391 2556 510 2625 poema
523 2530 697 2623 adscripsit
711 2532 843 2612 XLIX,
864 2558 900 2624 7,
919 2529 1099 2598 Adversar.
1116 2556 1181 2598 nec

112 2645 211 2712 minus
236 2643 387 2727 Ulitius,
419 2644 479 2735 qui
506 2643 636 2710 Gratio.
666 2642 808 2708 Initium
835 2665 915 2709 vero
941 2642 1175 2726 Halieuticon,

112 2755 229 2846 quoda
246 2753 396 2824 Sertorio
413 2749 657 2841 Quadrimano,
675 2764 836 2845 tanquam
851 2779 870 2820 e
883 2756 1106 2822 vetustissimo
1122 2780 1180 2824 co·

112 2860 176 2931 dice
188 2862 411 2958 descriptum,
430 2864 558 2953 accepit
575 2862 716 2929 Hieron.
732 2862 912 2945 Columna,
928 2875 962 2929 et
978 2865 1013 2930 in
1028 2862 1181 2933 doctissi-

112 2974 165 3038 mis
180 2974 427 3041 commentariis
439 2968 482 3037 ad
493 2972 596 3039 Ennii
614 2968 816 3062 fragmenta,
833 2994 907 3063 pag.
926 2980 1003 3065 ²47·
1017 2996 1088 3064 seq.
1105 2972 1180 3040 edi-

113 3074 174 3162 dit,
190 3103 302 3147 merus
318 3092 367 3146 est
380 3078 486 3145 fucus.

149 3216 212 3283 XI.
231 3218 287 3284 De
301 3213 524 3283 Modicandne
527 3216 637 3305 faciei
654 3214 879 3307 fragmentum
899 3216 1043 3308 elegiaco
1059 3219 1180 3284 carmi·

113 3327 157 3391 uis
170 3350 312 3419 genere,
333 3325 424 3419 quod
438 3326 521 3392 citra
541 3348 671 3391 causam
681 3374 694 3407 ,
711 3325 852 3391 Nasonis
870 3348 941 3392 non
953 3350 1021 3392 esse
1041 3325 1178 3392 videtur

114 3430 211 3503 doctis
224 3434 425 3529 quibusdam
438 3437 530 3502 viris.
547 3436 716 3501 Memorat
730 3432 873 3501 Ovidius
885 3436 957 3527 ipse
968 3436 1060 3501 Artis
1075 3436 1177 3503 Ama-

113 3549 217 3631 toria,
234 3547 304 3628 ΙΙΙ,
322 3546 386 3612 205
404 3571 412 3612 z

266 3738 316 3794 Eat
326 3738 411 3805 milri,
425 3758 479 3808 quo
491 3736 543 3793 diri
556 3748 647 3793 vestre
660 3736 837 3793 medicamina
848 3736 941 3793 forma
954 3777 962 3805 ,

299 3832 414 3899 Parrus,
430 3828 476 3886 sed
487 3850 550 3886 cura
562 3829 661 3903 grande
672 3826 774 3883 libellus
784 3847 858 3900 opus.

149 4012 228 4079 xll.
247 4012 332 4081 Nux
348 4010 463 4102 Elegia
478 4022 594 4078 utrum
606 4008 721 4077 Ovidii
734 4012 779 4075 sit
789 4033 915 4092 necne,
931 4008 1090 4080 dubitant
1102 4018 1179 4105 qui-

112 4118 181 4187 dam
194 4121 415 4189 eruditorum.
432 4121 508 4187 Non
530 4131 641 4186 tamen
666 4131 735 4201 est,
762 4123 856 4205 cnjus
879 4120 1042 4189 Ovidium
1056 4126 1178 4191 merito

113 4230 232 4323 pudere
248 4232 362 4325 possit.
373 4230 460 4297 ¹Hoc
481 4244 611 4322 poema·
628 4242 704 4319 post
719 4231 936 4299 Dominicnm
956 4232 1103 4298 Marium
1117 4231 1180 4299 Ni-
