3017 5000
444 462 544 531 PER
568 464 603 529 J.
629 461 862 532 MASSON.
1134 490 1192 535 ιιι

29 638 30 643 ’
120 620 196 705 post
209 616 349 705 sequente
364 598 435 689 die,
457 601 608 677 indutam
622 628 713 692 esse,
729 621 770 677 ut
785 630 896 704 operae
909 604 1137 704 pretinm'non
1153 608 1199 681 sit

121 747 238 793 serram
255 720 318 793 hac
336 718 377 794 de
393 748 428 795 rc
443 719 661 821 reciprocare.

164 838 211 909 lia
224 865 328 938 porro
335 837 514 913 norissima
524 836 756 911 obse-vatione
767 892 778 925 ,
790 854 830 911 ut
838 836 1052 926 bocaddam,
1069 838 1108 912 id
1116 866 1198 940 quo

29 968 30 975 ’
120 980 179 1051 que
195 954 282 1042 ruit,
303 953 396 1054 quod
419 954 526 1029 eidem
543 952 583 1028 ci.
603 954 696 1042 viro,
723 954 920 1031 Rubenium
938 974 1076 1045 secuto,
1093 954 1141 1028 ita
1157 954 1200 1029 li-

29 1134 30 1171 ,
120 1068 254 1168 quidum
280 1069 477 1158 videbatur,
496 1088 535 1145 nt
553 1069 642 1145 nihil
659 1070 785 1167 magis3
811 1104 829 1136 «
854 1070 1058 1145 Putritiorum
1078 1099 1198 1173 nempe

120 1217 138 1250 ι
155 1182 242 1260 filios
256 1183 364 1261 iatum
381 1185 510 1262 clavum
527 1206 674 1284 gestasse
691 1206 767 1263 ante
781 1207 895 1285 togam
909 1188 1037 1262 virilem
1056 1188 1091 1261 in
1108 1216 1200 1290 prae-

29 1356 30 1405 ,
120 1331 137 1365 s
154 1318 260 1389 texta3
279 1302 445 1404 siquidem
458 1302 510 1379 die
525 1304 671 1379 tirocinii
685 1304 833 1378 tunicam
846 1322 969 1379 rectam
982 1304 1065 1378 boni
1077 1302 1200 1378 ominis

29 1408 30 1425 .
120 1450 136 1482 ι
153 1446 253 1493 causa
271 1418 475 1510 induebant3
493 1421 582 1495 unde
599 1422 757 1517 Augusto
774 1418 903 1495 virilem
921 1436 1031 1515 togam
1044 1420 1199 1493 induenti

118 1564 133 1595 ι
152 1533 265 1607 tunica
278 1532 457 1625 laticlavia,
471 1536 703 1639 quaeadpcdes
714 1533 806 1610 illius
817 1534 1000 1610 decidebat.
1014 1569 1031 1600 »
1047 1534 1198 1623 Etenim,

120 1648 254 1749 inquam
271 1678 354 1745 ego,
374 1680 477 1751 quum
497 1650 677 1726 Suetonius
695 1660 703 1689 ¹
722 1651 865 1726 scribit:
883 1656 1052 1753 Augusto,
1073 1653 1207 1726 sumenti

29 1768 31 1779 ’
117 1767 231 1839 uirilem
255 1767 361 1841 lunico
380 1768 442 1841 tuu'
459 1768 558 1853 clusi,
584 1784 686 1843 resuta
704 1796 746 1842 ex
770 1784 898 1870 utruque
910 1785 1020 1868 purte,
1044 1767 1091 1843 ud
1103 1769 1201 1871 pedes

117 1881 245 1969 decadi&
268 1913 341 1985 non
367 1884 473 1981 magis
498 1885 596 1959 istam
618 1883 818 1958 sententiam
839 1884 954 1984 juvat,
975 1914 1074 1985 quam
1100 1884 1199 1960 aliam

29 2028 30 2031 ¹
118 1997 399 2089 existimantium,
412 1999 567 2100 patritios
576 2000 627 2073 uti
639 2017 672 2073 et
682 2017 819 2099 caeteros
832 1996 965 2073 nobiles
978 2027 1102 2100 pueros
1118 2028 1202 2074 non·

117 2110 178 2186 nisi
194 2142 274 2188 cum
293 2130 372 2211 toga
395 2140 480 2216 pura
496 2112 602 2189 latum
617 2112 767 2189 induisse
790 2111 929 2188 clavum.
955 2113 1093 2214 Semper
1113 2132 1200 2189 certe

29 2268 30 2271 ¹
117 2231 199 2305 rodit
217 2234 382 2334 quaestio,
401 2261 501 2335 quam
516 2261 556 2307 ex
570 2260 610 2309 eo
624 2232 778 2309 Suetonii
794 2232 871 2307 loco
887 2232 1108 2307 Casaubonns
1123 2261 1199 2333 pro

118 2348 245 2449 posuit3
267 2378 451 2451 quorsum,
468 2348 594 2426 scilicet
610 2351 676 2427 isto
694 2349 768 2425 loco
788 2369 821 2426 et
839 2367 990 2453 tempore
1006 2378 1044 2425 ea
1066 2352 1197 2441 tunica,

118 2464 177 2540 nisi
200 2464 253 2542 vel
275 2494 352 2542 cum
370 2466 457 2542 virili
474 2485 553 2565 toga
569 2485 656 2546 esset
673 2468 863 2559 induenda,
881 2467 934 2545 vel
950 2497 1025 2544 cum
1042 2485 1200 2571 praetexta

29 2597 31 2678 ζ
118 2578 311 2682 deponenda
322 2585 337 2657 ?
349 2587 466 2686 Neque
477 2584 647 2686 sequitur,
657 2586 852 2682 Augustum
865 2613 904 2659 ea
916 2585 1028 2659 tunica
1041 2584 1198 2659 indutum

29 2685 31 2716 i
118 2725 189 2771 com
208 2717 371 2800 praetexta
386 2701 422 2773 in
438 2701 564 2774 Forum
578 2699 631 2772 die
645 2699 791 2777 tirocinii
807 2701 959 2790 venisse,
976 2701 1062 2776 sico
1080 2702 1133 2776 die
1151 2719 1200 2776 tu·

118 2816 220 2891 nicam
251 2834 366 2892 recten
390 2819 558 2892 sumserit.
577 2821 663 2895 Nam
688 2837 723 2893 et
745 2820 831 2892 banc
858 2836 891 2893 et
918 2819 1101 2894 mutuorum
1128 2839 1199 2894 tum

29 2985 30 3006 ι
119 2933 254 3010 induere
270 2934 402 3036 potuit,
420 2935 450 3008 si
467 2963 533 3009 una
549 2935 652 3010 suerit
668 2935 848 3037 eademque
868 2935 995 3024 tunica,
1015 2935 1067 3009 vei
1084 2936 1112 3010 si
1134 2936 1199 3012 du·

119 3049 191 3149 plex
201 3051 323 3126 induta
333 3051 397 3139 sit;
417 3079 523 3153 quum
535 3050 730 3127 alterutrum
745 3072 862 3124 contra
872 3079 1000 3126 morem
1011 3077 1086 3128 ,esse
1097 3080 1197 3126 nemo

118 3163 278 3242 hactenus
302 3167 506 3267 probaverit.
536 3165 667 3241 Deinde
684 3194 789 3266 φιιιιιι
806 3166 875 3248 Dio
894 3165 1016 3242 diserte
1033 3165 1141 3241 tradat
1158 3177 1196 3257 ²,

120 3303 257 3386 propter
272 3285 340 3360 boc
364 3313 461 3360 omen
487 3283 606 3358 tunica
628 3281 798 3358 laticlavia
817 3283 861 3358 ad
885 3284 989 3385 pedes
1017 3283 1200 3390 decidentis

119 3401 246 3480 Iulium
263 3401 418 3478 retulisse
433 3403 632 3492 Octavium,
650 3401 709 3504 qui
722 3401 864 3504 postbac
876 3406 1072 3500 Augustus,
1090 3402 1126 3476 in
1140 3432 1199 3505 pa-

122 3521 254 3609 tricios3
269 3519 362 3594 haud
375 3521 456 3594 satis
469 3538 520 3594 est
533 3519 693 3596 Rubmio
710 3519 907 3621 Graevioque
919 3519 1063 3596 Dionem
1075 3521 1199 3596 erroris

120 3663 274 3734 arguere,
288 3637 356 3714 nisi
365 3665 435 3712 rem
449 3635 544 3712 aliter
557 3664 593 3711 se
605 3636 748 3730 babere,
763 3634 828 3710 alio
840 3637 1042 3737 probassent
1055 3639 1201 3734 graviori

122 3757 333 3844 testimonio,
360 3756 452 3858 quod
475 3757 643 3831 tamenab
665 3754 733 3831 illis
754 3757 944 3832 adhucdum
960 3777 1196 3859 exspectamus.

122 3879 237 3980 Neque
256 3876 392 3950 tandem
409 3874 480 3950 ullo
497 3875 697 3949 confirmant
712 3890 815 3961 teste,
833 3873 931 3949 aliam
952 3875 1014 3948 hac
1032 3876 1068 3949 iu
1084 3905 1119 3950 re
1137 3903 1199 3975 pu·

122 3997 267 4071 tuborum
280 3994 402 4083 fuisse,
423 4023 523 4096 quam
536 4011 729 4070 caeterorum
742 3990 910 4068 nobilium
923 4022 1103 4096 puerorum
1116 4022 1199 4070 cau-

153 4169 161 4199 ¹
179 4167 212 4222 ln
227 4168 297 4236 Aug.
308 4185 365 4236 cap.
376 4169 417 4238 94.

154 4253 165 4283 ²
180 4250 239 4305 Lib.
251 4250 340 4317 xbv,
355 4269 413 4320 pag.
426 4269 480 4318 ²⁷¹·
