3017 5000
301 382 370 469 244
635 384 675 452 e.
700 353 883 451 ovmn
911 382 1049 451 rme

182 612 186 617 ¹
307 560 324 592 a
347 554 386 601 ex
403 552 460 601 ore
478 523 614 618 Georgii
629 524 660 597 Τ
660 523 862 625 rapenuutii,
882 524 1081 599 Tomitauos
1095 522 1236 624 Scythas
1251 523 1386 599 ovidio

306 678 324 713 o
344 661 452 747 poetae
467 643 534 720 rita
549 642 726 731 defuncto,
747 640 897 720 collatae
912 641 1053 744 publico
1065 644 1224 744 pecunia,
1238 660 1388 743 propter

307 760 471 855 »ingenii
497 757 708 833 nobilitatem
737 758 873 861 tymbon
896 758 1070 856 magnifiee
1093 757 1276 855 struuisse,
1303 776 1388 833 ante

304 878 324 945 '»
344 878 462 979 oppidi
477 894 623 979 portam,
636 878 672 951 in
686 875 763 951 loco
776 878 916 951 unanime
927 874 1051 949 celebri
1066 906 1074 949 ε
1091 875 1242 976 quamvis
1253 873 1310 951 ille
1323 931 1334 963 ,
1349 894 1388 950 et

307 1024 326 1063 a
344 994 540 1095 peregrinus
553 1011 657 1079 esset,
671 1010 705 1067 et
718 990 761 1067 ab
775 994 930 1089 Augusto
940 993 1070 1066 cesare
1079 990 1300 1093 proscriptus.
1308 992 1388 1068 Ve-

247 1104 251 1111 ’
305 1144 323 1179 o
345 1138 420 1185 rum
430 1110 515 1183 bano
526 1109 700 1209 utriusque
712 1109 935 1207 conjecturam
946 1108 1168 1182 recentiorum
1178 1108 1390 1211 experientia

309 1226 543 1315 »emendavit
561 1225 687 1301 Scribit
701 1226 788 1300 euim
801 1226 933 1327 Gaspar
943 1224 1145 1313 Brusebius,
1161 1254 1250 1298 anno
1269 1223 1387 1313 1508,

305 1380 326 1414 n
347 1344 461 1421 Ovidii
472 1343 702 1447 sepulchrum,
720 1342 904 1444 lapideum,
915 1358 1129 1429 cameratum,
1142 1342 1392 1443 epitapbioque

305 1496 325 1529 2>
344 1480 519 1549 ornatum,
536 1462 572 1535 in
588 1458 716 1561 oppido
735 1457 892 1545 Sabaria,
910 1458 1017 1558 patria
1035 1458 1114 1530 Diri
1135 1458 1274 1532 Martini
1292 1459 1389 1561 epis-

306 1614 327 1649 »
345 1580 440 1681 copi,
455 1608 526 1655 esse
542 1578 725 1653 inventum.
739 1576 780 1650 ld
797 1573 960 1677 oppidum
973 1576 1009 1647 iu
1025 1576 1197 1652 Pannonia
1210 1577 1390 1677 superiore

308 1730 327 1762 υ
346 1695 548 1773 Ptolemaeus
565 1694 680 1794 ponit,
700 1692 795 1791 cnjus
810 1691 963 1765 meminit
973 1690 1122 1779 Plinius,
1138 1692 1336 1767 Antoninus
1350 1693 1389 1766 in

308 1844 326 1879 a
348 1811 537 1897 ltinerario,
551 1810 748 1884 Ammianus
766 1807 882 1883 etalii.
900 1840 919 1874 »

357 1927 508 2003 Ortelins
523 1955 623 2014 vero,
647 1943 687 2001 ut
698 1926 765 2001 boo
780 1926 984 2012 inseramus,
1003 1923 1047 1997 de
1061 1923 1195 1999 Sabon‘o
1213 1924 1388 2001 scribens:

309 2075 328 2109 «
350 2041 503 2131 Sabaria,
518 2040 629 2141 iuquit
640 2040 740 2114 Lario
752 2049 760 2079 ¹
771 2094 784 2154 3
794 2040 938 2113 Austris
948 2038 1168 2140 oppidnmest
1178 2038 1219 2113 ad
1228 2042 1389 2135 Angrnm

311 2193 329 2227 >³
349 2159 487 2249 lluvium
502 2158 638 2234 numine
654 2157 757 2231 Staio.
779 2156 910 2257 Gaspar
923 2154 1110 2262 Bt'usebius
1125 2156 1208 2229 dicit
1222 2156 1279 2251 bic
1296 2185 1389 2231 anno

253 2271 256 2277 “
311 2307 328 2340 o
348 2291 478 2349 unum
496 2259 711 2373 sepulchrum·
727 2259 861 2347 Ormss
878 2274 1038 2345 Nasoms
1051 2272 1226 2345 triventum
1243 2326 1254 2360 ‚
1279 2288 1394 2347 testu-

310 2425 328 2469 a
349 2392 425 2467 dim
441 2388 673 2486 magnificum,
690 2405 725 2469 et
740 2388 806 2467 boe
822 2386 993 2488 epitaphio
1009 2404 1187 2463 ornatum:

505 2522 611 2576 Ferunt
625 2503 894 2582 rnoubsirnrrsm.

452 2677 457 2696 v,
473 2619 527 2674 ttic
537 2619 602 2674 situs
612 2629 651 2675 est
662 2629 734 2672 rates
743 2637 846 2688 ‚squam
859 2619 914 2673 divi
928 2620 1038 2676 Garri·
1049 2619 1088 2674 ira

452 2705 455 2714 '
510 2703 624 2773 Augusti
637 2704 720 2774 patris
733 2704 827 2759 cedere
838 2706 914 2774 jussit
924 2705 1015 2758 bumo.

476 2787 551 2857 Stepe
565 2788 646 2842 miser
657 2773 843 2860 voluit'patliis
854 2791 1010 2844 occumbere
1024 2789 1117 2859 terris,

436 2920 447 2933 ..
510 2871 565 2943 Sed
578 2871 691 2939 frustr23
704 2873 778 2928 bunc
789 2873 827 2928 illi
836 2873 891 2930 tata
903 2873 1003 2930 dedere
1015 2874 1111 2930 locum

311 2986 376 3071 At,
392 3011 435 3058 ue
448 2983 489 3058 de
503 2984 623 3060 borum
636 2987 819 3060 carminum
832 2985 994 3082 elegantia
1007 2988 1230 3089 disputemus,
1247 2990 1305 3063 rix
1319 3018 1390 3065 cre-

312 3099 416 3175 dibile
431 3099 579 3186 videtur,
599 3099 759 3176 Ovidium
775 3101 936 3188 Sabm'o,
962 3131 1036 3203 quat
1051 3103 1117 3177 luit
1131 3105 1278 3178 a‘l'omis
1296 3105 1390 3179 baud

312 3247 430 3323 pamm
446 3217 561 3292 dissito
579 3217 683 3308 urbs,
703 3217 917 3318 sepulchrum
935 3220 1110 3309 babuisse,
1124 3223 1265 3298 maxime
1283 3251 1390 3324 quum

314 3335 540 3434 Hieronymus
559 3332 681 3407 diserte
695 3334 837 3420 scribat,
855 3361 930 3408 eum
942 3335 1035 3432 juxta
1051 3335 1197 3435 oppidum
1210 3337 1329 3412 Tomos
1343 3365 1391 3412 sc-

308 3451 434 3555 pultum
447 3447 560 3524 luisse.
579 3452 650 3522 Neo
665 3449 701 3522 id
715 3447 892 3523 verisimile
908 3449 1011 3524 efficit
1026 3451 1117 3552 qnod
1130 3451 1297 3528 Zamosius
1309 3455 1394 3531 sub·

315 3567 428 3668 jungit
447 3595 454 3638 :
483 3597 501 3630 «
523 3564 632 3639 Credo
649 3581 762 3638 nutem
778 3591 851 3638 eum
870 3564 1078 3666 (Ovidium)
1092 3555 1160 3641 non
1178 3597 1248 3642 uno
1260 3570 1297 3642 iu
1315 3570 1392 3646 loco

320 3719 338 3748 „
359 3681 568 3766 constitisse,
586 3681 643 3754 sed
661 3680 696 3752 in
714 3681 904 3756 Pannonias
921 3682 1123 3784 quaudoque
1141 3683 1338 3774 divertisse,
1355 3706 1395 3761 ut

321 3833 339 3868 >›
359 3799 493 3873 tadium
507 3795 697 3870 solitudinis
710 3796 850 3886 levaret,
865 3798 1040 3873 doctorum
1053 3801 1200 3875 'virorum
1209 3805 1392 3892 consortio,

321 3949 339 3980 »
360 3915 420 4016 qui
441 3913 551 3987 isthuc
580 3941 621 3986 ex
645 3912 742 3987 ltalia
761 3912 952 4014 bequentes
972 3916 1213 4004 adventabant,
1230 3918 1293 3992 ubi
1317 3947 1393 3993 eum

189 4026 192 4035 '
321 4067 339 4098 »
358 4031 493 4105 tandem
511 4057 602 4105 mors
621 4030 790 4130 insperata
807 4033 1019 4132 oppresserit.
1042 4067 1059 4101 υ
1084 4033 1280 4110 Abmrdum
1302 4037 1391 4111 euim

353 4185 361 4214 ¹
382 4145 535 4239 Coinment
547 4181 623 4252 Reip.
636 4181 716 4236 Rom.
727 4179 771 4238 lib.
781 4181 849 4248 XII,
861 4201 916 4252 cap.
929 4203 952 4235 α.
