3017 5000
125 462 1204 494 mmmmm

196 661 471 771 runnu
517 661 770 768 0v1n11
806 659 1140 767 NASONIS

531 911 808 1050 13le

493 1342 853 1406 ARGUMENTUM.

141 1501 214 1568 Ibin,
231 1499 279 1555 snb
292 1518 346 1570 quo
356 1499 467 1553 nomine
481 1497 622 1571 Hyginum
634 1499 714 1554 latere
727 1501 835 1569 volunt,
855 1500 928 1572 quod
940 1500 1032 1556 Ovidii
1044 1521 1145 1556 nomen
1160 1521 1220 1556 ma·

171 1585 428 1652 attrebatenses,
445 1594 472 1638 et
483 1582 555 1637 salsis
569 1583 799 1638 criminationibus
810 1586 838 1637 in
848 1584 976 1639 invidiam
989 1596 1016 1639 et
1029 1586 1122 1640 odium
1135 1587 1223 1641 addu-

171 1684 260 1740 ceret,
272 1671 344 1742 quod
357 1689 438 1741 porro
447 1670 505 1740 ejus
515 1688 625 1724 uxorem
632 1669 784 1725 sollicitaret
798 1671 951 1742 importune
959 1714 968 1742 ,
976 1673 1223 1744 qnodquelortunis

172 1753 287 1808 inbiarel
300 1765 402 1824 poeta,
419 1752 481 1805 diris
501 1751 625 1806 omnibus
646 1751 689 1805 bic
710 1751 833 1808 devovet.
850 1752 922 1808 Nibil
941 1775 996 1810 esse
1013 1757 1096 1822 mali,
1116 1755 1223 1810 nullum

173 1840 274 1908 cupiam
298 1835 488 1908 suppliciorum
506 1853 698 1905 poeuarumque
717 1855 822 1906 genus,
841 1857 895 1907 quo
913 1840 1066 1894 mortalium
1084 1841 1225 1912 quisquam

172 1923 205 1976 sit
225 1921 362 1987 adlectus,
384 1937 438 1989 quo
454 1937 511 1972 non
525 1917 622 1989 dignus
636 1919 670 1975 sit
682 1920 756 1990 lbis,
773 1920 890 1977 nimium
905 1922 965 1978 fuse
985 1923 1081 1994 docet,
1103 1926 1226 1982 vindicte

173 2007 243 2062 ultra
251 2005 365 2060 modurn
376 2002 525 2074 indulgens.

147 2161 334 2267 TEMPUS
352 2189 395 2264 ad
410 2189 497 2278 boc,
514 2187 630 2264 lustris
645 2189 715 2290 jam
727 2189 883 2304 buis-“mibi
900 2193 1050 2294 quinque
1066 2197 1226 2296 peractis,

193 2315 305 2388 Omne
322 2310 389 2384 suit
404 2311 513 2383 Musae
533 2335 665 2418 carmen
677 2299 928 2418 'inminentem

146 2427 330 2531 Nullaque,
352 2456 424 2530 qua
441 2426 570 2530 possit,
590 2423 724 2533 scriptis
742 2423 961 2531 tot-millibus
974 2447 1082 2506 exstat

193 2546 307 2621 bitere
323 2544 490 2629 Nasonis,
510 2534 913 2651 sanguistuliutatleffifjf'

147 2661 213 2735 Nec
232 2686 435 2763 quemquam
451 2656 578 2746 nostri,
597 2632 891 2755 nisi‘bsfssslijaile
911 2658 1039 2751 libelli,
1214 2685 1231 2736 5

179 2834 197 2869 *
209 2831 273 2886 Ius.
286 2832 329 2885 lta
341 2828 438 2883 rectius
445 2827 605 2883 inscribetur
611 2826 663 2882 boc
713 2826 801 2883 Greci
815 2832 959 2899 aepactas
967 2832 1142 2903 adpellarunt
1154 2835 1231 2890 Serv.

148 2928 256 2981 poema,
265 2926 347 2979 quam
359 2908 393 2961 lt(
403 2908 465 2960 ltus
474 2946 481 2972 ,
491 2905 562 2975 quod
573 2905 665 2959 bacte—
713 2908 741 2961 in
752 2908 860 2962 AEneid.
868 2910 911 2965 lib.
922 2912 949 2979 l,
960 2932 995 2966 vs
1008 2914 1070 2967 28³:
1079 2936 1093 2961 α
1101 2915 1230 2970 Lustrum

149 3010 197 3044 nus
205 2984 665 3055 circumfertur;nequealitersuurn
714 2988 833 3057 dictum,
848 2990 920 3060 quod
939 3003 997 3061 post
1015 2994 1234 3064 quinquennium

150 3090 242 3142 poema
253 3066 432 3123 Callimachus
441 3064 666 3135 inscripseratVi·
714 3089 883 3141 unaquaeque
891 3072 982 3128 civitas
991 3074 1159 3131 lustrabatur.
1168 3079 1234 3134 Un-

150 3151 182 3204 de
192 3150 303 3205 Suidam
315 3148 343 3201 in
356 3154 516 3214 Καλλίμαχος.
531 3142 665 3215 Eutyches
715 3147 748 3201 (le
764 3149 858 3203 Rome
871 3150 1072 3221 ambilustrum,
1091 3157 1163 3225 quod
1175 3176 1232 3211 non

151 3248 255 3299 qnoque
267 3224 481 3290 Grammaticus,
495 3222 538 3275 lib.
549 3221 593 3290 ll,
606 3222 665 3275 Ori·
714 3224 829 3293 licebat,
847 3229 896 3283 nisi
913 3231 1004 3286 ambos
1016 3253 1156 3300 censores,
1174 3248 1235 3306 post

150 3310 217 3360 diser
225 3306 333 3360 inlbr'de
345 3303 421 3369 citat,
434 3318 490 3354 non
502 3306 530 3353 r'n
538 3301 603 3352 Ibin.
613 3296 668 3352 Co·
716 3304 932 3374 quinquennium
944 3308 1055 3363 lustrare
1066 3312 1208 3366 civitatem.
1219 3337 1234 3362 »

152 3384 220 3439 dices
240 3382 321 3451 hujus
337 3380 434 3446 libelli,
448 3380 494 3447 qui
507 3388 667 3431 vetustatem
718 3382 850 3451 Quamvis
871 3386 960 3439 Varro
978 3407 994 3439 a
1010 3391 1121 3458 luendo,
1136 3391 1164 3444 id
1177 3403 1235 3461 est,

153 3474 179 3517 et
191 3480 304 3515 manum
311 3460 522 3529 castigatamprae
530 3476 557 3509 se
567 3454 666 3523 lerant,
716 3460 845 3515 solvendo
856 3463 969 3517 lustrum
978 3463 1065 3533 ducit,
1078 3468 1149 3537 quod
1159 3473 1236 3541 quin·

153 3532 384 3595 sininve'niuntur.
391 3536 558 3605 Exemplaria
565 3547 668 3603 tamen,
718 3548 747 3590 to
758 3557 863 3608 quoque
874 3559 948 3595 anno
959 3544 1110 3613 vectigalia,
1126 3559 1153 3601 et
1164 3548 1236 3603 ultro

154 3618 247 3690 quibus
264 3618 375 3671 Juretus
388 3626 414 3668 et
428 3614 576 3669 Politianus
592 3626 670 3668 erant
719 3615 818 3669 tributa
835 3638 884 3687 per
900 3639 1023 3676 censores
1042 3625 1235 3693 persolveban-

155 3699 209 3767 nsi,
221 3700 251 3753 in
264 3698 372 3769 optimis
390 3695 513 3749 habenda
525 3706 594 3749 sunt.
608 3692 671 3749 Ca·
720 3706 772 3751 tur.
785 3696 895 3753 Donrr.

157 3788 221 3845 tera,
229 3776 328 3849 quaeatl
338 3793 451 3828 manum
461 3772 527 3826 mibi
537 3772 673 3827 satismul·
755 3794 779 3825 a.
798 3776 904 3827 Carmen
915 3779 1008 3829 tieem
1016 3789 1066 3833 eto.
1079 3780 1134 3836 Hic
1147 3802 1237 3837 mores

158 3866 184 3911 ta
199 3856 327 3922 luerunt,
344 3864 413 3907 notae
433 3862 496 3907 sunt
510 3850 671 3905 recentioris.
721 3870 804 3920 suos,
822 3854 1038 3925 candoremque,
1058 3870 1087 3913 et
1098 3861 1238 3931 ingenium

160 3936 269 3991 Interim
283 3936 312 3989 in
324 3946 476 3989 transcursu
485 3951 558 3986 nunc
567 3950 672 4002 poema·
722 3931 835 3985 minime
841 3934 1001 3989 maledicum
1012 3937 1110 3994 indicat
1119 3941 1197 3993 Naso.
1207 3942 1238 3993 Z.

160 4014 224 4067 tium
233 4014 281 4068 boc
287 4013 466 4079 illustremus,
480 4010 552 4081 quod
563 4012 674 4065 curisse·
757 4014 781 4078 lc
798 4014 887 4066 litem
903 4022 1105 4083 saumoteeta.
1118 4018 1239 4075 Carmen

159 4094 252 4149 onndis
263 4092 414 4165 diligentius
424 4090 625 4147 sumuslacturi.
637 4090 674 4143 H.
724 4091 892 4146 maledicum.

197 4193 217 4227 ι.
229 4175 337 4227 latent.
350 4172 480 4228 Lustrum
493 4172 616 4237 dixerunt
628 4170 677 4224 La·
759 4176 782 4226 5.
800 4174 860 4227 lt'isi
871 4193 910 4225 ure
920 4177 1006 4228 lesere
1016 4180 1104 4233 libelli.
1121 4181 1184 4233 Ne'ss‘
1194 4199 1241 4234 eos

165 4252 324 4324 liuispatium
330 4248 675 4325 quinqueanuorum,quo‹l
725 4246 815 4303 Juret.
826 4260 853 4303 et
864 4262 918 4305 tres
926 4252 978 4306 alii.
993 4254 1030 4307 H.

278 4344 398 4421 VIII.
1087 4372 1099 4413 r
