3017 5000
310 421 378 508 304
639 417 1046 490 nnnrcmonus

313 565 427 652 ducti,
444 564 480 636 in
497 591 589 638 suam
606 561 641 634 id
658 560 805 658 linguam
823 578 1062 638 converterent.
1086 556 1153 632 sed
1169 555 1260 632 illins
1276 555 1392 632 laudes

314 679 488 783 prosequi,
505 676 607 778 hujus
624 679 770 754 instituti
785 707 857 753 nou
869 696 929 752 est
942 735 950 750 .
964 733 972 750 .
985 731 995 750 .
1010 733 1017 748 .
1034 675 1149 774 Atque
1165 689 1261 746 tanto
1271 671 1393 771 jucnn-

314 795 443 870 diorem
469 793 531 868 tibi
554 793 700 869 suturam
722 795 835 896 putari
861 795 985 868 horum
1005 790 1170 866 librorum
1192 788 1393 876 lectionem,

314 931 439 1017 quanto
458 912 521 988 tibi
539 941 597 988 eos
613 941 683 988 uon
701 913 802 988 ruodo
819 911 981 988 orationis
997 911 1145 1012 copiam,
1162 926 1196 982 et
1212 908 1397 981 verborum

313 1059 350 1104 se
369 1027 607 1106 sententiarum
624 1028 772 1118 lumina,
786 1047 821 1104 et
831 1029 1026 1131 adparatum
1038 1055 1114 1101 vere
1128 1024 1312 1098 oratorium
1325 1051 1398 1124 pra

313 1146 387 1222 aliis
402 1145 630 1220 commendare
641 1174 739 1246 posse
753 1145 1018 1247 perspiciebam:
1034 1142 1204 1218 sedetiam
1219 1167 1396 1236 argomen-

316 1279 403 1350 tum,
422 1261 532 1363 quod‚
551 1277 670 1362 prater
688 1258 835 1336 liberalis
851 1260 1009 1335 doctrinm
1025 1260 1155 1358 copiam
1172 1257 1397 1341 uberrimam,

316 1381 496 1454 chronicon
516 1378 683 1480 quoddam
695 1379 950 1481 complectitur,
967 1378 1036 1453 sive
1047 1375 1400 1466 ilistoriarum-aie

317 1511 414 1596 atque
427 1495 475 1578 τιῗς
491 1493 613 1566 soiitos
629 1493 754 1587 curlo.
766 1551 773 1565 .
787 1549 835 1566 ...

404 1805 759 1892 RAPHAELIS
788 1807 971 1894 REGII
1004 1806 1322 1922 PRAEFATIO

607 2007 666 2061 AD
691 2007 1118 2066 METAMORPHOSES.

151 2286 153 2294 Α
373 2233 396 2250 ..
408 2234 432 2250 ..
453 2177 526 2250 SED
541 2175 620 2278 quid
635 2177 675 2252 de
691 2177 956 2278 Metamorphosi
968 2175 1094 2252 multa?
1109 2173 1287 2276 Exemplar
1297 2171 1403 2261 mihi,

172 2321 178 2330 ·
323 2310 362 2366 ut
377 2291 477 2366 semel
496 2292 623 2378 dicam,
643 2294 748 2370 totius
759 2293 912 2368 humanm
925 2311 959 2368 et
974 2291 1081 2368 civilis
1092 2292 1166 2368 vitae
1179 2290 1405 2369 essevidetur.

323 2409 417 2484 Adeo
435 2407 552 2511 plane,
570 2408 653 2482 adeo
669 2410 820 2513 copiose,
837 2439 1053 2513 quacumque
1068 2438 1138 2484 non
1153 2407 1320 2484 eruditum
1334 2435 1408 2488 mov

325 2526 387 2615 do,
405 2554 519 2600 verum
536 2524 668 2599 dicendi
684 2555 819 2627 quoque
835 2544 868 2602 et
884 2528 1003 2622 agendi
1018 2527 1163 2628 peritum
1177 2524 1306 2599 efficere
1322 2552 1407 2626 pos-

324 2660 419 2729 sunt,
437 2670 456 2713 a
475 2641 711 2717 secundissimo
723 2661 823 2742 poeta
833 2642 1050 2743 explicantur.
1062 2646 1132 2717 Nee
1144 2641 1265 2741 injuria
1277 2641 1408 2731 Greci,

326 2755 476 2856 quamvis
489 2783 525 2828 se
541 2755 698 2829 omnibus
709 2754 785 2831 aliis
795 2755 990 2830 nationibus
1003 2754 1198 2858 disciplinas
1212 2754 1408 2841 tradidisse,

324 2900 362 2945 ae
379 2869 506 2945 nullius
532 2872 598 2973 ipsi
615 2871 739 2946 auxilio
756 2901 894 2973 prorsus
909 2873 1058 2970 indigere
1075 2873 1178 2949 videri
1197 2872 1322 2959 velint,
1339 2872 1409 2945 hoo

327 3006 435 3061 tamen
446 3015 552 3086 opus,
562 3004 702 3088 propter
710 2988 883 3063 maximam
894 3017 1004 3065 rerum
1015 2991 1152 3087 cognitu
1162 2989 1409 3091 pulcherrima-

327 3133 401 3178 rum
415 3104 560 3205 copiam,
577 3133 595 3177 e
607 3112 720 3179 nostra
735 3102 849 3202 lingua
860 3105 895 3179 in
908 3134 1001 3181 suam
1015 3106 1106 3179 omni
1115 3105 1228 3180 studio
1242 3106 1409 3205 interpre-

327 3220 464 3294 tandum
475 3220 735 3323 uertendumque
747 3239 906 3295 curarunt
918 3252 927 3308 ;
937 3238 975 3295 ut
987 3248 1148 3322 perquam
1159 3219 1349 3295 mirandum
1362 3217 1409 3295 sit

327 3336 486 3411 hactenus
503 3336 538 3409 in
556 3353 647 3409 tanta
665 3335 869 3439 scriptorum
888 3336 986 3411 turba
1004 3337 1087 3411 eitra
1103 3336 1204 3411 ullam
1221 3354 1409 3411 accuratam

328 3454 569 3556 expositionem
582 3452 673 3555 apud
688 3470 824 3528 nostros
839 3453 887 3527 ita
899 3452 1057 3552 iuuisse,
1074 3472 1143 3527 uta
1158 3452 1276 3554 paucis
1290 3452 1409 3527 admo·

332 3570 410 3645 (lum
427 3569 671 3673 perlegeretur,
690 3598 792 3672 quum
808 3570 989 3670 presertim
1004 3571 1169 3645 etruriam
1184 3568 1355 3672 plerisque
1372 3570 1409 3643 in

330 3685 413 3759 locis
437 3704 595 3787 exposcat
616 3683 858 3772 eruditionem,
883 3702 917 3758 et
934 3686 970 3758 iu
995 3686 1113 3787 primis
1137 3684 1411 3761 adolescentibus

332 3802 538 3875 laudatarum
554 3802 676 3877 artium
693 3800 806 3875 studio
819 3800 993 3877 destinatis
1004 3804 1049 3879 sit
1061 3804 1318 3906 praelegendum.
1329 3807 1410 3884 Non

332 3915 439 3991 solum
464 3918 550 3990 enirn
577 3936 702 3993 veteres
726 3918 899 4008 historia,
923 3948 996 4020 quae
1019 3941 1160 4024 propter
1175 3923 1409 4025 antiquitatem

330 4031 519 4107 fabularum
536 4032 609 4107 loeo
624 4034 811 4124 habentur,
830 4064 868 4110 ex
880 4036 1113 4113 vetustissimis
1125 4040 1320 4115 auctoribus
1336 4038 1409 4115 col-

300 4218 303 4227 .
330 4148 441 4238 lecta,
470 4148 635 4245 eleganter
657 4151 698 4225 ob
716 4151 841 4229 ovidio
859 4152 1112 4243 describuntur,
1134 4154 1256 4234 sedita
1273 4175 1307 4232 et
1325 4184 1408 4255 geo-
