3017 5000
577 483 720 552 VITA.
1155 517 1196 584 77

283 617 338 674 Seu
351 637 435 690 genus
449 618 563 675 excutias
574 659 582 689 ,
594 621 697 691 equites
707 606 740 676 ali
751 622 854 692 origine
865 623 952 693 prima

313 710 408 780 Usque
418 729 467 780 per
478 712 634 766 innumeros
646 713 817 768 inveniemur
829 732 904 770 avos·

120 823 358 906 Patrimonium
375 829 456 903 satis
472 828 619 931 amplum
631 831 789 906 habuisse
807 850 957 922 constat;
974 833 1065 936 quod
1081 834 1124 911 ab
1142 863 1200 912 eo·
1292 905 1296 910 .

122 943 210 1036 dem,
225 944 262 1018 in
279 945 411 1035 Ponto,
430 945 477 1020 sie
491 945 681 1022 ostenditur
697 978 705 1022 ε

283 1094 346 1148 Νοιι
358 1113 435 1148 meus
447 1095 555 1149 amissos
567 1095 671 1150 animus
683 1094 816 1150 desiderat
827 1116 920 1168 agros,

316 1188 445 1257 Ruraque
458 1185 569 1258 Peligno
580 1187 766 1258 conspicienda
777 1188 833 1242 solo
846 1207 854 1242 :
871 1236 878 1249 ,

282 1282 340 1336 Nec
351 1299 418 1350 quos
429 1279 568 1349 pomiferis
580 1279 678 1350 positos
689 1279 717 1332 in
731 1279 840 1335 collibus
851 1281 943 1336 hortos
992 1348 996 1358 ι

314 1371 423 1443 Spectat
435 1371 574 1426 Flaminiae
588 1370 699 1426 Claudia
711 1373 803 1441 juncta
813 1372 870 1426 vie„

121 1495 199 1566 ltem
216 1491 356 1567 domum
377 1519 448 1566 non
471 1491 571 1588 longe
589 1520 609 1566 a
626 1490 797 1592 Capitolio
822 1521 830 1565 :
855 1492 904 1565 ait
926 1493 1013 1567 enim
1040 1495 1075 1568 in
1094 1496 1197 1574 Trist.

121 1605 175 1682 lib.
192 1610 227 1698 l,
244 1606 340 1704 Eleg.
361 1625 431 1681 111:

284 1754 366 1808 Hauc
375 1771 425 1824 ego
434 1753 578 1825 suspiciens
588 1794 596 1823 ,
608 1765 636 1807 et
648 1754 680 1808 ad
693 1753 749 1808 hec
763 1753 895 1824 Capitolia
904 1774 1032 1822 cernens,

318 1844 388 1915 Quae
399 1855 493 1899 nostro
504 1845 603 1900 frustra
614 1847 706 1915 iuncta
716 1845 792 1900 suere
804 1846 862 1900 lari.

123 1965 265 2039 fratrem
284 1980 443 2064 praeterea
459 1964 580 2038 habuit
595 1981 677 2038 natu
695 1966 853 2064 majorem
877 1964 1054 2039 duodecim
1076 1970 1203 2042 mensi-

122 2083 203 2172 bus,
221 2097 256 2156 et
282 2079 375 2182 quod
400 2082 522 2155 mirum
548 2099 619 2170 est,
640 2079 777 2169 eodem,
798 2109 866 2182 quo
882 2082 977 2182 ipse,
994 2101 1111 2158 natum
1129 2084 1199 2160 die:

124 2213 259 2296 uterque
270 2195 361 2269 enim
370 2211 491 2297 quarto
508 2194 636 2270 decimo
649 2192 781 2296 kalend.
792 2194 921 2296 Aprilis
935 2195 1094 2270 Minervae
1102 2199 1203 2300 qnin-

125 2309 260 2410 quatriis
275 2328 375 2384 natus
392 2326 461 2398 est;
483 2309 574 2412 quod
590 2310 637 2385 sic
655 2311 727 2412 ipse
743 2311 780 2384 in
795 2311 899 2384 Trist.
913 2308 972 2383 lib.
992 2313 1118 2399 1V‚Et.
1136 2336 1159 2387 x
1175 2345 1183 2387 :

285 2459 343 2514 Nec
353 2459 432 2527 stirps
443 2457 529 2527 prime
544 2457 582 2513 sui
595 2500 602 2527 ‚
617 2457 708 2529 genito
719 2478 779 2513 sum
792 2458 875 2513 fratre
886 2469 1003 2529 creatus,

321 2550 378 2620 Qui
390 2552 474 2605 tribus
487 2561 547 2604 ante
563 2561 657 2621 quater
669 2552 804 2605 mensibus
815 2562 889 2604 ortus
898 2563 963 2605 erat.

285 2640 393 2695 Lucifer
405 2641 533 2695 ambobus
544 2642 675 2695 natalibus
687 2642 771 2695 adsuit
782 2642 853 2696 idem
866 2664 873 2696 ι

320 2732 385 2785 Una
396 2730 528 2787 celebrata
540 2744 579 2786 est
591 2751 639 2801 per
650 2731 704 2785 duo
715 2732 767 2786 liba
779 2732 843 2786 dies.

287 2824 355 2877 Haee
366 2834 406 2878 est
417 2822 547 2877 armiferae
560 2823 677 2878 delestis
689 2826 807 2893 quinque
820 2824 965 2891 Minervse‚

324 2914 394 2985 Qure
407 2914 465 2969 fieri
476 2934 565 2986 pugna
576 2915 661 2984 prima
673 2927 785 2969 cruenta
796 2915 869 2969 solet.

128 3035 230 3111 Natos
243 3052 296 3113 est
308 3052 419 3108 autem
434 3035 547 3108 Hirtio
563 3051 597 3109 et
609 3036 718 3109 Pansa
731 3062 816 3110 coss.
831 3036 890 3137 qui
906 3032 996 3110 bello
1009 3036 1203 3114 Antoniano

128 3150 213 3252 apud
229 3152 399 3226 Mutinam
415 3152 579 3253 perempti
593 3169 690 3241 sunt,
706 3169 746 3224 ut
760 3153 877 3253 ipsein
890 3153 992 3228 Trist.
1010 3154 1070 3241 IV,
1083 3153 1186 3228 Elxz

289 3298 387 3355 Editus
397 3298 440 3353 hic
451 3318 500 3369 ego
511 3318 571 3352 sum
581 3320 588 3363 ;
599 3318 649 3353 nee
660 3318 715 3352 non
726 3340 734 3367 ‚
746 3311 777 3353 ut
790 3311 912 3370 tempora
924 3300 1014 3365 noris,

325 3392 421 3460 Quum
434 3390 528 3445 cecidit
539 3390 594 3444 lato
606 3392 698 3445 consul
713 3402 825 3461 uterque
837 3391 901 3463 pari.

131 3506 239 3604 Quum
252 3526 365 3583 autem
376 3510 567 3583 Romaeuna
578 3538 652 3582 curn
661 3508 833 3583 fratresub
845 3508 1034 3584 clarissimis
1051 3526 1085 3583 et
1097 3538 1205 3605 gram·

130 3626 252 3701 maticis
271 3642 304 3698 et
321 3625 513 3700 rhetoribus
539 3623 718 3726 plurimum
736 3625 950 3727 profecisset,
975 3625 1106 3723 legibus
1117 3681 1134 3714 ‚,
1147 3656 1205 3701 co-

131 3758 219 3833 gente
245 3759 361 3842 patre,
382 3740 441 3841 qui
455 3740 673 3814 humanitatis
691 3740 802 3815 studia
824 3740 954 3815 inutilia
974 3770 1044 3815 esse
1061 3761 1204 3818 conten-

131 3854 245 3947 debat,
261 3858 365 3958 coepit
378 3858 588 3945 incumbere,
608 3875 639 3931 et
652 3856 795 3958 proserit
808 3858 956 3953 legibus,
972 3878 1005 3933 et
1019 3861 1206 3939 honoribus

133 3973 260 4051 functus
273 3994 341 4051 est:
363 3975 420 4050 sed
434 4004 536 4077 quum
550 3976 662 4054 lorum
675 3974 882 4075 displiceret,
897 3977 988 4078 quod
1001 3996 1088 4053 esset
1101 3981 1206 4079 majus

135 4121 212 4169 onus
228 4096 299 4195 ejus
316 4094 463 4181 viribus,
481 4091 593 4167 relicta
612 4094 701 4167 curia
719 4111 752 4167 et
776 4091 834 4167 lati
863 4094 944 4167 clavi
969 4098 1146 4185 servitute,
1165 4098 1208 4171 ad

136 4212 367 4289 mansuetiores
385 4240 498 4287 musas
515 4211 638 4299 rediit;
664 4228 850 4312 poetasque
871 4238 985 4287 ornnes
1008 4210 1099 4287 illius
1126 4228 1219 4285 tem-·
