3017 5000
277 539 296 578 u
560 511 600 576 P.
626 511 810 580 OVIDII
839 511 1072 581 NASONIS

325 651 472 728 Artificis
489 651 590 754 periit
608 682 712 754 quum
729 671 830 757 caput
847 654 930 730 Arte
946 683 1015 729 sua.

276 773 394 859 Unus,
413 789 446 844 et
460 769 527 844 hoc
545 769 656 872 ipsum
673 788 725 846 est
740 770 863 870 injuria
875 800 1015 867 magna,
1033 801 1212 874 perennem

322 885 488 962 Candoris
507 885 643 960 titulum
661 914 731 960 non
750 885 833 960 sinit
852 913 924 960 esse
939 887 1017 961 mei.
1356 977 1362 986 Ι

274 1002 440 1104 Quisquis
458 1003 487 1078 is
504 1021 576 1092 est,
595 1031 674 1077 nam
691 1031 814 1078 nomen
828 1003 940 1078 adhuc
956 1021 1126 1107 utcunque
1144 1007 1285 1092 tacebo,

323 1119 427 1215 Cogit
443 1120 636 1195 inadsuetas
652 1148 783 1194 sumere
801 1118 865 1194 teia
882 1149 1012 1195 manus.
1328 1154 1360 1196 ιο

271 1234 335 1311 Ille
350 1235 532 1333 relegatum
551 1235 683 1334 gelidos
700 1236 886 1338 Aquilonis
905 1237 948 1311 ad
967 1256 1064 1313 ortus

323 1354 402 1426 Non
420 1351 503 1426 sinit
523 1350 641 1426 exsilio
660 1349 833 1426 delituisse
852 1381 935 1440 suo;

164 1551 169 1560 ἱ
275 1465 490 1567 Vulneraque
509 1466 648 1541 immitis
664 1467 812 1568 requiem
832 1469 1014 1569 querentia
1028 1485 1142 1556 vexat,

325 1589 438 1661 Jactat
452 1603 487 1660 et
503 1585 539 1660 iu
559 1602 634 1660 toto
651 1586 790 1660 nomina
804 1604 921 1662 nostra
939 1585 1034 1675 soro;
1216 1672 1224 1685 ι

275 1706 513 1809 Perpetuoque
529 1703 612 1778 mibi
629 1703 789 1777 sociatam
805 1702 930 1779 soedere
948 1703 1027 1778 lecti
1330 1726 1360 1779 ,5

307 1871 332 1923 6.
346 1871 412 1924 Arte
428 1888 486 1922 sua.
499 1866 604 1922 Eadem
617 1865 678 1920 alibi
691 1887 722 1921 ac
735 1866 794 1922 ire-
843 1868 903 1922 fieri
914 1868 947 1922 ad
958 1867 1065 1923 alteriue
1077 1868 1220 1940 injuriant,
1228 1869 1289 1940 iege
1297 1887 1361 1924 cau-

274 1969 360 2022 quena
372 1949 480 2020 querela
493 1957 532 2001 est
543 1955 630 2018 poeta
646 1965 653 2000 z
671 1956 701 1999 ut
712 1945 795 2000 Trist.
843 1958 948 2002 xerunt.
962 1969 976 1994 υ

273 2029 318 2082 m).
330 2027 372 2093 11,
386 2045 452 2080 vers.
467 2047 481 2078 2
495 2044 502 2078 ι
514 2047 528 2072 κ
543 2024 658 2094 ingenio
669 2024 735 2094 perii
749 2025 795 2093 qui
880 2046 918 2079 ro
934 2028 1007 2080 Tela.
1018 2025 1361 2097 imprecationem-Iud-

275 2107 356 2160 miser
365 2106 419 2175 ipse
430 2123 500 2157 meo.
512 2125 526 2150 u
538 2103 574 2156 Et
583 2105 664 2156 Pont.
675 2103 712 2170 ΙΙ,
721 2103 794 2172 Eieg.
843 2113 932 2157 suetas
941 2124 1042 2158 manus.
1056 2105 1130 2174 Quia
1140 2107 1278 2161 neminem
1290 2127 1361 2179 ρη-

275 2188 440 2254 vr1,vr.47:
453 2207 467 2231 «ι
478 2182 718 2253 Artibueingenuis
726 2201 796 2253 quae·
845 2193 887 2237 ter
899 2183 1002 2239 Ibidem
1016 2184 1135 2237 carmine
1149 2185 1273 2242 offendit.

275 2267 328 2321 sita
337 2275 378 2320 eet
395 2263 478 2334 gioria
490 2262 581 2316 muttit
596 2282 602 2316 :
616 2261 713 2318 lnieiix
730 2258 797 2332 perii
881 2281 919 2316 m.
928 2264 1032 2315 Exsilio
1042 2264 1240 2319 delituissemeo.
1250 2267 1361 2321 Suo-iu-

275 2345 381 2400 dotibus
395 2344 450 2412 ipae
464 2341 538 2397 meis.
553 2363 568 2388 »
845 2341 896 2395 reti
914 2340 999 2396 codex
1017 2351 1045 2396 et
1058 2341 1099 2394 aiii
1118 2345 1255 2414 ‹prinque3
1271 2363 1361 2415 neque

309 2445 332 2492 7.
346 2423 426 2475 Unus.
440 2420 511 2474 ibis:
524 2419 566 2473 vei
580 2439 661 2490 quern
670 2419 796 2490 deinceps
845 2419 922 2474 aliter
930 2421 1080 2494 Eutyches,
1092 2422 1137 2476 iib.
1146 2424 1188 2490 11,
1202 2425 1247 2493 qui
1257 2436 1362 2494 etprae-

278 2503 361 2557 lbidie
372 2503 486 2556 nornine
497 2502 605 2556 notabo.
845 2497 951 2554 cedenti
972 2518 1049 2555 versu
1064 2505 1165 2569 gelidas
1177 2505 1315 2572 Aquilone
1324 2508 1367 2559 al

310 2584 334 2637 8.
349 2584 468 2634 Ii'lulum.
478 2579 521 2634 De
530 2599 585 2649 quo
594 2580 637 2634 lli
645 2580 678 2633 de
688 2581 794 2647 Ponto,
844 2598 905 2634 oras
917 2582 1041 2651 agnoscit
1057 2584 1160 2637 Hiems·

279 2660 353 2729 Eieg.
366 2674 407 2726 tv,
420 2678 457 2712 vs.
471 2659 518 2711 13:
533 2680 546 2704 u
561 2657 670 2709 Viribus
683 2656 794 2723 infirmi,
882 2662 919 2726 14.
926 2662 1020 2713 lacta!
1026 2671 1055 2713 e!
1060 2665 1088 2712 in
1099 2671 1151 2714 loto
1162 2666 1266 2716 nomina
1272 2672 1363 2717 nostre

276 2734 720 2803 vestrocandorevaiemuszQuern
729 2734 796 2789 mibi
837 2737 907 2806 fhro.
922 2742 1108 2791 Verbacam'na
1122 2739 1229 2809 plurimi
1241 2740 1360 2807 codices,

276 2816 298 2870 si
311 2815 415 2882 demas,
428 2815 518 2867 omnia
527 2825 601 2882 rapta
610 2825 711 2881 putem.
721 2835 735 2859 »
845 2817 872 2870 in
883 2816 1303 2887 quibucetJuretiiiber.Puto:«
1312 2819 1363 2872 La-

310 2916 335 2969 9.
353 2898 450 2950 Nomen
462 2894 548 2947 adhuc
559 2903 688 2961 utcunque
698 2895 796 2945 tacebo.
845 2906 897 2950 trat
909 2906 936 2949 et
948 2896 976 2948 in
992 2906 1048 2948 toto
1058 2896 1139 2949 verba
1148 2897 1244 2950 canina
1256 2897 1316 2950 ioro
1326 2937 1334 2965 ,
1346 2920 1361 2945 »

278 2974 422 3029 Neminem
443 2972 622 3041 interpretum
645 2972 795 3025 observasse
844 2976 894 3029 uisi
903 2975 1023 3030 marrier«
1036 2972 1072 3029 Et
1081 2976 1177 3031 lacerat
1186 2988 1242 3030 toto
1251 2979 1362 3032 nomina

277 3054 376 3120 video,
395 3070 444 3105 cur
462 3050 577 3105 Ovidius
596 3050 676 3103 ibidis
693 3066 795 3103 nomen
844 3066 935 3109 nostra
952 3054 1028 3118 soro;
1044 3077 1057 3101 o
1076 3075 1112 3108 ne
1130 3054 1203 3109 idem
1219 3057 1362 3112 verausbis

276 3134 440 3189 subticuerit.
448 3134 492 3188 An
502 3152 552 3200 ,ne
558 3132 720 3187 carminibus
729 3132 796 3187 Ovi·
844 3136 974 3191 obcurrat
983 3130 1050 3189 Mox
1058 3134 1132 3189 enim
1141 3135 1260 3191 babebis:
1270 3158 1284 3183 κ
1298 3136 1363 3191 Per·

276 3214 363 3268 dianio
379 3214 431 3267 ibis
449 3213 649 3275 inclaresceret;
671 3213 794 3282 inquam
843 3214 1039 3268 bibitindesuae
1048 3215 1150 3268 rabiem
1159 3215 1270 3269 nutricis
1277 3215 1361 3269 aium·

275 3294 439 3350 sententiam
450 3292 581 3353 eundem,
596 3293 623 3343 ni
638 3290 731 3358 failor,
746 3292 795 3345 ad-
844 3312 909 3359 nus,
925 3294 1015 3347 Latrat
1026 3303 1054 3346 et
1066 3293 1093 3345 in
1108 3304 1164 3347 toto
1174 3294 1254 3346 verba
1265 3294 1361 3347 canina

276 3372 404 3444 loquitur,
414 3371 459 3425 iib.
472 3370 513 3425 lV
527 3390 559 3424 ex
570 3371 675 3436 Ponto,
695 3370 735 3423 ΕΙ.
748 3385 792 3438 ιν,
843 3368 921 3436 foro,
938 3394 950 3417 o
970 3390 1124 3441 quanquam
1143 3371 1209 3424 mibi
1229 3370 1360 3424 distichon

275 3474 311 3508 ve.
324 3472 381 3521 req.
392 3452 445 3503 Vix
456 3461 545 3505 tamen
557 3462 614 3515 eet,
629 3462 658 3503 ut
670 3448 724 3503 baec
735 3448 795 3503 sue·
843 3448 913 3505 istud
922 3450 1008 3503 dubiae
1017 3450 1079 3502 fidei
1087 3461 1139 3516 est,
1148 3460 1174 3502 et
1185 3470 1216 3502 ex
1226 3448 1275 3503 boc
1282 3470 1361 3503 versu

274 3534 308 3587 rit
318 3542 497 3601 menapoetn,
507 3530 644 3599 quoniam,
657 3539 794 3597 postremo
843 3529 949 3582 videtur
961 3524 1127 3581 fabricatum.
1141 3526 1253 3581 Rabuiae
1263 3528 1359 3583 iocen-

274 3609 388 3665 disticho
400 3609 479 3677 buius
491 3608 585 3674 iibeiii,
604 3624 698 3661 verum
712 3607 793 3661 ibidis
841 3626 882 3660 ces
891 3608 985 3659 intrare
995 3605 1161 3673 dicebantur,
1175 3618 1285 3677 propter
1291 3609 1359 3663 rixas

273 3708 375 3742 nomen
394 3687 540 3756 pollicetur.
561 3688 602 3739 bn
622 3686 692 3739 Naso
711 3702 794 3739 reve·
842 3686 999 3745 continuasz
1020 3685 1083 3738 binc
1101 3690 1212 3738 latratus
1218 3686 1359 3757 fim‘apud
1469 3720 1472 3723 ·

272 3769 360 3821 nentia
381 3765 446 3835 legis
467 3764 607 3818 duodecim
626 3762 791 3817 Tabuiarum
843 3764 902 3816 Vai.
918 3764 986 3816 Max.
999 3762 1125 3830 iibVIil,
1137 3783 1192 3831 cap.
1204 3764 1227 3816 3.
1239 3764 1359 3819 Pruden-

272 3846 321 3899 aibi
338 3844 518 3914 temperavit,
538 3862 589 3913 qua
603 3842 730 3896 nimirum
744 3844 792 3897 sa·
843 3842 1068 3911 tiur'Hanrartig.«
1079 3841 1243 3896 ludecanina
1253 3842 1314 3895 soro
1325 3843 1360 3898 la·

273 3924 468 3977 rnosoeiibeiios
476 3923 606 3993 projicere
615 3920 723 3991 capitale
733 3921 791 3973 suit.
841 3930 893 3974 teat
905 3920 1028 3974 facundia
1039 3931 1102 3973 toto.
1110 3942 1124 3966 ¹·
1137 3921 1172 3973 fl.
1183 3920 1227 3974 Sic
1235 3920 1360 3975 Julianus

274 4004 342 4073 Eius
351 4002 475 4057 meminit
483 4003 604 4068 Tullius,
619 4002 662 4054 iib.
673 4003 712 4054 lv
722 4000 792 4054 Tua·
840 4000 868 4053 in
881 4000 1057 4070 Misopogone
1069 4020 1076 4053 τ
1086 4007 1154 4055 οὕτω
1169 4006 1197 4062 δὴ
1211 4009 1251 4053 καὶ
1262 4003 1359 4068 turreio

272 4084 359 4137 minu,
377 4083 404 4135 in
424 4082 495 4135 bunc
512 4081 623 4133 modum
639 4100 646 4134 τ
661 4100 676 4125 <t
696 4080 792 4148 Quan-
840 4090 892 4138 ταῖς
905 4080 997 4154 eiyapeie
1010 4081 1133 4156 imprecer
1149 4084 1307 4152 λοιδοροῦντες.

272 4180 353 4232 qnam
371 4160 396 4213 id
416 4160 525 4228 quidem
545 4162 626 4213 etiam
647 4158 789 4212 duodecim
876 4162 914 4211 15.
933 4159 1063 4211 So'cr'atam
1075 4168 1123 4211 etc„
1140 4155 1264 4210 Uxorem
1278 4154 1357 4224 dicit,

270 4240 382 4297 Tabulae
394 4241 547 4306 declarant,
564 4239 643 4293 condi
662 4240 716 4306 jam
731 4250 789 4292 tum
840 4257 920 4308 quam
931 4238 966 4291 ad
976 4250 1126 4293 extremum
1139 4256 1221 4307 usque
1231 4237 1302 4290 diem
1311 4238 1357 4291 ad-

268 4320 377 4373 soiitum
397 4338 528 4386 carmen,
549 4318 621 4389 quod
644 4314 677 4369 ne
695 4318 789 4371 liceret
838 4318 968 4386 probavit.
