3017 5000
339 487 407 555 ns
431 488 470 553 e.
498 464 690 556 ov1nro
712 488 937 558 unsoun.
1106 493 1167 577 401

28 608 29 641 r
111 639 125 667 ι
138 610 231 672 Publii
244 608 343 672 Ovidii
362 610 487 671 Nasonis
503 612 770 689 Metamorphoseos
785 612 857 674 liber
871 634 927 674 nna
941 635 1005 674 cum
1017 618 1176 679 enarratio-

109 709 189 771 nibus
205 709 356 787 llaphaelis
372 708 461 791 Regii
475 708 637 792 duplicique
655 711 827 789 repertorio.
842 712 999 795 Lugduni,
1024 713 1179 792 impressus

108 832 154 889 per
166 812 330 893 magistrum
348 810 503 871 Nicolaum
517 809 622 872 Wolff
634 812 668 873 de
689 811 866 874 Alemannis.
883 812 938 874 Die
954 830 1033 875 xxix
1050 818 1182 878 Novem-

109 907 181 983 bris,
198 930 277 971 anno
291 907 412 969 Domini
429 910 472 969 Μ.
485 908 727 991 Quingentesimo
748 913 853 989 primo.
871 940 888 967 n
902 911 996 986 in—dt
1007 948 1048 963 -·
1057 916 1182 977 Rarissi-

108 1030 149 1068 ma
167 1009 278 1081 editio,
305 1006 395 1069 literis
419 1007 545 1091 gothicis
569 1008 722 1070 luculentis
749 1010 895 1088 impressa.
918 1010 1093 1095 Diligentius
1121 1036 1182 1075 eam

108 1109 254 1187 descripsit
267 1098 397 1192 lieytag.
425 1108 501 1186 App.
514 1107 602 1169 litter.
615 1120 687 1169 tom.
705 1110 742 1184 I,
765 1132 829 1193 pag.
846 1110 908 1195 479
924 1133 984 1194 seq.

144 1208 194 1271 Ad
203 1209 276 1269 hane
283 1218 392 1270 estatem
399 1206 786 1285 porropertinenteditiones
796 1222 947 1292 sequentes
955 1211 1017 1273 sine
1025 1211 1093 1272 anni
1100 1227 1180 1275 nota.

145 1308 251 1385 Opera.
268 1309 304 1366 ln
320 1306 377 1366 line
396 1328 403 1363 :
425 1332 440 1359 α
456 1306 490 1365 Ρ.
508 1305 608 1369 Ouidii
633 1307 760 1368 Nasonis
784 1328 870 1386 opera
893 1309 1007 1385 omnia,
1030 1312 1183 1395 diligenter

107 1406 272 1479 emendata,
297 1405 446 1467 Antonius
467 1407 588 1465 Zarotns
609 1405 771 1466 Parmensis
792 1406 828 1465 ad
835 1473 844 1496 Α,
851 1405 1002 1467 utilitatem
1025 1411 1183 1493 juvenum,

107 1526 158 1567 nec
181 1494 255 1566 non'
267 1513 296 1563 et
316 1512 501 1579 posterorum
527 1501 678 1580 impressit.
698 1528 713 1559 s
738 1505 847 1586 (Ergo
864 1504 1057 1585 Mediolani.)
1080 1508 1183 1571 in-lol.

106 1604 266 1663 -Panaer
280 1644 289 1675 ,
305 1612 377 1663 tom.
390 1601 439 1675 II,
457 1620 520 1683 pag.
536 1598 585 1683 94.
1212 1684 1216 1687 .

145 1699 289 1779 Epistolae
313 1718 377 1758 cum
395 1694 509 1757 dnobus
526 1698 707 1757 commentis.
727 1696 823 1760 in-lol.
841 1720 864 1759 s.
880 1720 904 1759 a.
921 1700 941 1758 l.
958 1712 988 1760 et
1005 1712 1121 1786 typogr.
1143 1738 1186 1753 -·

107 1800 228 1874 Panum,
241 1808 312 1857 tom.
329 1798 389 1870 lv,
406 1816 469 1879 pag.
489 1816 555 1876 ¹7⁰·

146 1896 293 1959 Heroides
309 1908 338 1957 et
356 1897 386 1956 iu
402 1894 479 1956 lbin.
494 1894 597 1956 in-lol.
614 1916 637 1955 s.
654 1916 679 1954 a.
696 1895 715 1955 l.
732 1907 763 1956 et
778 1907 892 1979 typogr.
904 1898 1074 1974 -Panser,
1084 1900 1156 1965 ibid.

146 1996 313 2059 Heroidurn
322 1994 516 2073 Epistolarum
532 1992 603 2054 liber
615 1994 737 2067 unicus,
755 1994 866 2079 Elegiae
882 1996 941 2056 sive
958 1996 1082 2059 Amores
1095 2042 1105 2075 ,
1118 2000 1185 2063 libri

110 2098 144 2158 de
158 2098 235 2159 Arte
255 2095 396 2168 durandi,
414 2094 450 2153 de
465 2092 606 2153 Remedio
623 2091 760 2165 Amoris,
778 2090 813 2151 de
825 2093 994 2169 Tristibus,
1012 2096 1048 2156 de
1064 2098 1186 2174 Ponto,

109 2195 291 2275 Opnsculum
305 2194 340 2254 de
354 2190 476 2268 Pulice,
493 2192 566 2253 liber
580 2191 615 2251 de
629 2188 788 2251 Philomela
802 2233 811 2266 ,
826 2190 939 2252 libellus
954 2193 1187 2261 deltledicamine

109 2294 211 2371 helei,
228 2295 264 2355 de
281 2296 384 2368 Nuce,
401 2292 467 2353 libri
481 2294 654 2364 Fastorum,
677 2288 748 2349 liber
763 2290 795 2348 in
812 2289 899 2365 lhin,
917 2303 947 2352 et
963 2294 1134 2358 Consolatio
1151 2298 1187 2357 ad

109 2395 232 2457 Liviam.
245 2392 339 2470 in-lol.
356 2416 379 2455 s.
396 2414 421 2453 a.
437 2392 456 2452 l.
467 2403 498 2453 et
513 2403 630 2475 typogr.
644 2424 685 2436 -
705 2388 857 2467 Causlogue
867 2391 916 2450 des
931 2390 1028 2453 Lieres
1043 2396 1188 2476 imprime's

110 2494 144 2556 de
159 2496 193 2556 In
210 2494 404 2576 Bibliotlrlque
418 2494 456 2554 du
471 2492 537 2554 Roi.
560 2493 680 2563 Poetes,
699 2511 728 2550 n.
748 2484 835 2548 1131.

146 2595 294 2674 Epistolae
307 2593 469 2668 Heroides,
495 2592 624 2675 Sapphus
641 2587 772 2667 Epistola
787 2589 861 2649 etin
879 2588 953 2650 lhin.
970 2595 1006 2652 ln
1022 2592 1095 2652 fine:
1114 2621 1129 2646 o
1146 2597 1186 2656 Et

107 2699 146 2758 sic
160 2709 208 2758 est
224 2695 288 2756 finis
301 2693 388 2776 hujus
404 2693 511 2776 operis,
528 2691 559 2752 in
573 2712 631 2773 qno
648 2689 708 2750 haec
722 2687 818 2748 omnia
833 2689 1019 2752 eontinentur
1033 2675 1183 2757 videlicet:

106 2799 138 2858 P.
163 2792 267 2857 Ovidii
283 2791 411 2852 Nasonis
431 2790 573 2868 Epistolae
590 2787 734 2849 Heroides
753 2785 837 2868 (sie)
852 2810 908 2848 nna
924 2811 989 2849 cum
1006 2793 1188 2868 expositione

107 2899 182 2956 Ant.
205 2892 317 2953 Volsci.
340 2889 533 2971 Ubertinique
551 2889 646 2950 clerici
671 2886 904 2948 Crescentinatis.
933 2890 1071 2971 Ejusdem
1087 2894 1188 2954 Ovidii

106 2993 206 3072 Sopho
218 3033 228 3066 ,
240 3011 306 3051 cum
314 2987 493 3068 expositione
508 2987 662 3048 Calderini.
674 2988 799 3048 Necnon
814 2986 940 3066 ejusdcm
958 2987 1058 3048 Ovidii
1072 2990 1185 3054 libellus

106 3092 136 3153 in
145 3091 234 3164 ibin,
252 3111 317 3151 eom
332 3087 511 3166 expositione
523 3087 650 3170 ejusdem
661 3083 794 3144 Domitii.
807 3075 901 3159 Quod
914 3109 987 3164 opus
1000 3089 1121 3150 fideliter
1133 3112 1186 3150 ac-

108 3190 345 3270 curatissimeque
362 3188 532 3266 impressum
552 3186 615 3246 suit.
636 3185 711 3245 Laus
724 3187 799 3244 Deo.
813 3212 829 3239 u
839 3185 938 3246 in-lol.
956 3189 1026 3249 min.
1043 3212 1067 3252 s.
1083 3213 1108 3252 a.
1121 3192 1141 3251 l.
1156 3207 1186 3255 et

107 3292 412 3378 typogr.—Panaer,
429 3303 499 3351 tous.
514 3288 569 3361 lV,
587 3308 650 3369 pag.
661 3283 732 3368 476.
814 3373 819 3380 Ι

148 3395 199 3453 De
211 3391 284 3451 Arte
296 3389 439 3462 Amandi,
455 3387 596 3448 Remedio
609 3387 743 3458 Amoris,
757 3385 788 3445 in
804 3385 870 3446 lbin
883 3429 893 3462 ,
911 3386 947 3446 de
958 3389 1042 3449 Nuce
1055 3392 1186 3471 ,Fastis,

42 3511 46 3522 ·
109 3491 281 3564 Tristibus,
303 3491 421 3562 Ponto,
446 3487 566 3560 Pnlice,
585 3484 753 3549 Philomela.
779 3485 882 3549 in-lol.
900 3509 924 3547 s.
938 3508 964 3546 a.
989 3489 1009 3548 l.
1026 3502 1056 3549 et
1070 3502 1186 3579 typogr.

107 3590 319 3663 Panzer,tom.
337 3585 396 3658 lv,
413 3605 476 3668 pag.
497 3605 563 3666 ¹7⁰·
649 3589 653 3596 '

150 3690 201 3750 De
222 3684 363 3747 Remedio
386 3683 524 3757 Amoris,
542 3705 608 3744 cum
626 3694 780 3745 comment.
803 3709 818 3737 ι
835 3682 973 3761 Pmisiis,
999 3686 1074 3768 apud
1091 3691 1187 3755 sicum

113 3785 262 3858 cithare,
289 3805 340 3860 per
356 3780 521 3859 Philippum
552 3781 701 3859 Pigsuclset
720 3793 946 3842 commorantem
968 3783 1000 3842 in
1011 3785 1098 3846 domo
1123 3790 1190 3851 col-

109 3881 183 3968 legii
193 3882 227 3940 de
246 3879 401 3940 Dar-'noille
417 3903 432 3930 »ι
445 3877 539 3937 in—80.
551 3899 576 3938 s.
593 3898 625 3936 n.
638 3898 663 3936 a.
677 3878 852 3953 —Panzer,
868 3891 940 3939 tom.
952 3880 1004 3955 11,
1017 3903 1082 3966 pag.
1097 3879 1167 3958 346.

152 3981 239 4044 Libri
249 3978 533 4057 Metamorphoseon.
554 3977 660 4053 Incipit
671 3977 823 4052 versibus,
846 3978 925 4038 Orbe
938 3993 1056 4060 parem
1070 4004 1121 4042 suo
1133 3996 1190 4046 etc.

111 4089 149 4147 ln
165 4081 246 4142 fine:
266 4080 356 4150 Finis.
373 4077 475 4141 in-lol.
488 4099 513 4140 s.
529 4097 553 4137 a.
574 4076 594 4136 l.
604 4089 636 4150 ,et
646 4088 762 4160 typogr.
780 4077 856 4139 char·
870 4079 992 4152 eodem,
1010 4092 1042 4139 nt
1057 4081 1188 4160 videtur,

111 4202 174 4264 quo
183 4179 303 4242 Vindel.
315 4178 349 4238 de
364 4178 448 4257 Spira
464 4190 494 4238 et
508 4179 558 4238 Jo.
570 4175 605 4236 de
620 4175 744 4238 Colonia
758 4176 804 4238 usi
817 4190 886 4239 sunt
900 4180 932 4238 in
952 4177 1074 4253 Plauto,
1090 4181 1186 4262 1472,

113 4296 166 4344 aut
181 4305 237 4357 eo,
257 4303 316 4362 quo
331 4279 432 4342 Udalr.
448 4281 525 4340 Han.
542 4289 572 4341 et
583 4277 654 4341 Sim.
664 4276 699 4339 de
712 4277 813 4352 Luca,
829 4301 896 4340 ann.
916 4277 1017 4362 1471,
1034 4280 1187 4360 impresse-

234 4369 349 4438 VIII.
935 4369 979 4434 26
