3017 5000
412 472 478 538 ET
503 470 886 540 PRAEFATIONES.
1122 471 1185 537 281

36 616 38 687 ἒ
124 609 310 711 reperiatur,
323 608 456 682 coinon
466 609 649 684 virtutibus
660 609 818 698 diversis,
832 608 884 683 rel
895 610 1058 709 superior,
1069 607 1119 683 vel
1133 638 1194 711 par

123 723 179 810 sit,
197 740 238 796 ut
251 721 418 797 secundus
436 725 622 812 aMarone,
641 723 686 798 ita
708 724 838 826 primus
856 741 1045 797 ceterorum
1062 751 1193 824 :neque

36 826 38 849 '
105 824 245 925 minus,
261 854 391 924 tamen,
410 864 517 938 prope
531 836 669 912 ultimus
681 838 958 911 bonorum2nam
976 836 1194 937 quemadmo-
1248 864 1250 867 ’

123 952 476 1056 domantiquoslactea
495 955 607 1057 (quod
620 973 706 1030 recte
717 981 867 1029 summus
877 953 1052 1029 aevinostri
1061 954 1195 1031 criticus

36 1074 37 1157 ἒ
126 1066 163 1143 de
178 1095 216 1141 eo
232 1068 385 1168 judicat)
401 1066 559 1143 facilitate
577 1068 757 1157 emollivit,
781 1070 828 1142 ita
842 1068 978 1170 pondus
993 1096 1031 1143 er
1049 1066 1196 1142 acumine

36 1218 37 1289 3
125 1200 154 1257 et
164 1212 285 1259 nervos
298 1184 478 1260 characteri
495 1214 558 1260 suo
576 1186 724 1275 addidit;
739 1187 863 1288 quibus
878 1185 990 1261 nervis
1002 1184 1105 1286 paulo
1119 1200 1201 1285 post

36 1304 37 1383 ζ
124 1296 374 1388 declamatores,
389 1300 499 1401 primo
508 1300 673 1397 linguam,
688 1328 766 1374 mox
778 1300 917 1403 poesin,
933 1315 1195 1373 enarrarunt...

122 1414 220 1489 Vides
238 1432 352 1490 autem
369 1416 489 1491 llueios
512 1418 659 1491 minutos
677 1414 773 1502 illos,
793 1444 879 1517 quos
896 1433 953 1490 aot
968 1416 1042 1517 ripa
1058 1442 1118 1488 sua
1140 1440 1200 1486 co-

36 1526 38 1613 ῗ
121 1530 231 1619 hibet,
249 1549 311 1607 aut
325 1530 430 1607 lutum
447 1564 455 1609 :
472 1534 629 1608 Rhenum
641 1561 719 1606 vero
737 1549 912 1621 nostrum,
930 1551 1056 1633 quanto
1068 1531 1201 1628 agmine

36 1692 38 1717 ι
123 1674 156 1719 ac
170 1646 294 1721 fiducia
310 1646 460 1723 incedat!
480 1666 518 1723 nt
538 1648 708 1751 plerisque
723 1648 762 1722 in
779 1647 862 1723 locis
877 1676 950 1723 non
962 1646 1109 1723 diffundi
1128 1666 1202 1747 tan-

36 1754 37 1759 *
124 1782 207 1855 om,
227 1766 289 1841 scd
307 1766 433 1842 effundi
459 1769 568 1843 amet!
596 1769 722 1865 Pontes
741 1795 876 1869 quoque
901 1785 960 1841 aut
973 1764 1098 1856 vallos,
1118 1793 1204 1867 saepe

124 1901 178 1958 aut
193 1882 389 1980 indignatur
404 1940 421 1973 ,.
431 1903 490 1958 aut
504 1886 705 1987 perrumpit.
722 1887 770 1958 Et
788 1885 958 1959 Oceanum
974 1883 1142 1981 ingentem
1160 1881 1205 1954 il-
1270 1908 1273 1922 ·

125 1998 189 2075 loru
213 2016 317 2099 atque
343 2000 557 2088 immensum,
573 2000 746 2075 tutelarem
763 2017 934 2088 nostrum,
953 1999 1066 2089 rides,
1087 2000 1146 2101 qui
1160 1997 1204 2071 li-

127 2117 259 2192 toribus
277 2144 313 2189 se
326 2116 490 2190 contineri
504 2134 605 2211 negat
618 2118 634 2191 i
646 2116 771 2192 Caelum
784 2146 919 2218 quoque
932 2133 1027 2190 motu
1040 2133 1098 2189 aut
1115 2114 1204 2188 velo·

125 2232 243 2321 ritate,
272 2233 326 2306 cui
353 2232 526 2334 proximus
548 2232 604 2307 hic
630 2252 767 2323 auctor,
789 2262 962 2334 nunquam
985 2231 1203 2319 terminatur;

126 2348 274 2449 quamvis
290 2349 378 2421 intra
395 2377 429 2423 se
443 2350 605 2424 consistit.
622 2350 714 2424 Idem
729 2349 801 2423 lieri
813 2351 869 2423 hic
882 2349 999 2423 crede:
1015 2374 1205 2449 quanquam

125 2469 211 2542 enim
227 2464 316 2541 nihil
331 2465 386 2542 hic
405 2466 450 2542 sit
462 2466 668 2558 violentum,
687 2466 773 2542 nihil
787 2466 879 2570 quod
890 2496 961 2542 non
974 2467 1089 2570 potius
1102 2465 1205 2541 lenis·

127 2587 204 2662 sime
221 2585 440 2687 persuadeat,
459 2615 559 2688 quam
574 2604 689 2684 cogat3
706 2586 793 2663 nihil
807 2605 916 2662 tamen
931 2604 998 2675 est,
1017 2587 1109 2688 quod
1121 2586 1205 2658 istos

127 2703 247 2792 limites
261 2733 331 2777 non
345 2702 445 2798 longe
455 2703 600 2778 excedat.
610 2706 651 2778 ln
660 2706 825 2779 Amorum
835 2704 968 2806 quidem
978 2704 1204 2805 libris,quurn

128 2848 160 2894 se
176 2820 330 2895 noudum
341 2817 524 2894 felicissimi
537 2819 684 2915 ingenii,
699 2821 751 2896 vel
769 2839 920 2924 caperet,
933 2821 984 2895 vel
1001 2821 1207 2897 circumscri-

36 2999 37 3002 ,
127 2935 219 3011 beret
230 2935 388 3024 ubertas,
402 2934 531 3036 aliquid
543 2965 786 3040 nonnunquam
799 2956 917 3026 notes,
932 2939 1023 3039 quod
1037 2939 1209 3040 permittat

129 3051 190 3126 sibi
202 3069 265 3126 aut
275 3050 459 3146 indulgeat.
471 3051 528 3125 Ad
541 3070 674 3141 cetera,
688 3054 926 3156 inprimisque
940 3053 1101 3129 maturior
1113 3070 1208 3127 atate

129 3165 278 3268 scripsit,
298 3164 553 3266 quantominus
570 3165 751 3242 contulisse
766 3167 946 3264 diligentia
961 3167 1101 3256 videtur,
1116 3183 1209 3241 tanto

130 3313 213 3360 rure
229 3282 310 3386 plus
326 3311 364 3357 ac
382 3281 553 3360 suavitatis
571 3283 694 3372 habet;
720 3315 794 3386 qua
815 3285 851 3358 in
874 3286 982 3360 Fastis
999 3302 1089 3361 tanta
1109 3284 1210 3359 nobis

130 3428 261 3502 semper
276 3401 367 3495 visa,
386 3418 425 3474 ut
440 3401 605 3476 narrando
623 3419 768 3480 mentem
784 3402 911 3476 homini
928 3418 1078 3476 exeantet
1098 3431 1107 3473 ε
1131 3399 1210 3500 qnia

131 3517 346 3604 suavitatem,
366 3543 444 3590 cura
458 3545 531 3617 qua
550 3516 799 3605 dissimulatur,
820 3545 894 3617 que
907 3534 1058 3620 apparet,
1076 3515 1211 3590 taedium

130 3632 386 3733 molestiamque
402 3633 490 3734 parit
506 3663 515 3706 z
534 3661 641 3734 neque
667 3633 845 3734 quicquam
871 3633 996 3729 magis,
1014 3632 1107 3734 quod
1127 3657 1211 3734 prae-

130 3748 209 3824 clari
227 3751 287 3824 isti
312 3748 418 3824 critici
445 3779 513 3824 non
537 3748 670 3838 vident,
696 3779 795 3850 quam
811 3750 962 3850 professa
987 3748 1157 3846 diligentia
1179 3767 1213 3823 et

130 3863 247 3953 labor,
265 3863 414 3942 indolem
432 3894 470 3940 ae
488 3864 621 3960 genium
637 3883 771 3939 enervat
792 3895 800 3937 :
821 3866 958 3965 cujusne
987 3865 1212 3967 suspicionem

131 3980 292 4082 quidem,
310 3977 370 4054 ubi
394 3978 522 4081 aliquid
548 3979 687 4054 dicendo
714 3980 980 4082 persuadendum
1001 3999 1075 4068 est,
1098 4007 1214 4081 supre-

132 4098 345 4198 musdoctor
365 4097 563 4174 Aristoteles
589 4097 746 4174 admittit.
770 4101 812 4174 ln
835 4100 1021 4175 Heroidunr
1049 4096 1212 4199 Epistolis
1238 4082 1244 4094 ⁸

135 4242 217 4315 quas
233 4233 372 4306 vocant,
392 4244 465 4316 quae
482 4215 647 4292 Heroides
664 4233 742 4292 sunt
759 4216 952 4307 Priscian03
968 4216 1087 4316 (eujus
1103 4232 1211 4290 autem
