3017 5000
314 438 382 506 330
503 437 845 508 TESTIMONIA
869 439 935 506 ET
958 437 1177 508 JUDICIA

362 583 494 656 JULIUS
510 581 707 670 Sceuloen,
723 582 757 656 iu
772 581 1003 686 Ilypercrio'co,
1021 611 1055 684 p.
1076 581 1170 683 788:
1187 613 1206 647 a
1220 584 1296 657 Jam
1312 611 1391 658 vero

315 728 335 762 ³>
354 695 396 771 ad
410 725 484 800 eum
497 698 706 800 pervenimus
718 698 851 788 locum,
870 699 988 800 inquo
1005 698 1130 794 ingenii
1146 698 1344 795 magnitudo
1358 716 1393 773 et

315 842 334 876 ν)
355 839 494 886 acumen
514 811 632 912 judicii
657 813 837 888 exercenda
860 831 950 887 suut.
978 812 1066 910 Quis
1092 812 1182 887 euim
1202 811 1244 886 de
1266 811 1391 887 ovidio

313 959 334 994 »
354 928 434 1002 satis
451 927 551 1025 digne
569 928 676 1004 dicere
693 930 822 1031 possit,
840 930 964 1004 nedum
981 947 1020 1006 ut
1034 930 1155 1004 audeat
1178 958 1254 1004 eum
1273 957 1392 1033 repre·

316 1075 334 1111 υ
354 1043 519 1134 bendere,
537 1062 635 1119 etcu

361 1164 419 1236 Ex
444 1164 596 1237 Josurur
620 1161 815 1238 Sceuouur
835 1163 1072 1265 ‘Pmlegomem‘s
1094 1153 1302 1251 Manibus,
1327 1184 1391 1242 erc.

315 1309 332 1344 o
347 1279 427 1352 Uno
434 1278 578 1352 vincitur
590 1277 764 1375 (nimirum
772 1277 949 1378 Manilius)
958 1279 1050 1381 quod
1058 1308 1127 1354 nou
1135 1297 1393 1383 potestmanum

317 1427 334 1461 s,
355 1395 470 1471 tollere
488 1396 528 1472 de
546 1395 678 1485 tabula,
698 1415 731 1470 et
749 1395 948 1499 (quodiam
962 1395 1070 1486 falso,
1087 1426 1187 1498 quam
1203 1381 1392 1488 immerito,

317 1547 335 1581 »
355 1513 479 1588 Ouidio
498 1516 665 1616 objectum
682 1514 786 1612 olim)
804 1544 977 1617 uunquam
990 1517 1054 1592 scit
1069 1515 1237 1604 desinere,
1252 1535 1316 1591 ete.
1338 1553 1357 1583 u

362 1631 519 1707 Ibidem:
547 1667 564 1700 «
589 1636 664 1708 Hoc
680 1652 719 1708 ut
740 1660 811 1707 non
832 1631 998 1707 mediocre
1013 1632 1131 1708 vitium
1150 1653 1201 1707 est
1222 1634 1257 1707 iu
1277 1632 1391 1708 nitido

316 1782 335 1813 »
355 1749 538 1849 scriptore,
561 1751 605 1823 ita
622 1749 700 1853 puri
716 1767 797 1824 sunt
817 1749 860 1822 ab
887 1747 948 1823 bac
965 1747 1040 1824 labe
1056 1750 1180 1848 (nimia
1199 1750 1391 1826 eammdem

317 1899 335 1932 ³>
355 1896 474 1942 vocum
483 1869 669 1963 iteratione)
676 1863 844 1971 principes
853 1887 971 1971 poeta,
981 1867 1144 1965 Virgilius
1153 1887 1187 1944 et
1200 1867 1360 1944 Ovidius.
1371 1905 1388 1936 »ι

363 1983 479 2071 loun,
493 1980 597 2055 inlib.
612 1984 664 2057 lll
675 1983 828 2067 Poetr'ces,
845 2011 920 2082 pag.
938 1980 1006 2053 261
1025 2011 1065 2054 :o
1081 1983 1122 2054 In
1135 1982 1293 2056 omuibus
1305 1982 1391 2058 illud

258 2175 259 2182 ,
318 2129 336 2162 ³>
355 2095 391 2170 'm
408 2096 523 2197 primis
541 2097 721 2176 cavendum
735 2115 804 2186 est,
822 2123 864 2169 ue
879 2097 990 2199 inepte
1007 2096 1185 2184 discurras,
1198 2097 1265 2172 nisi
1280 2096 1390 2172 libros

317 2244 336 2278 »
355 2240 537 2314 componas
553 2241 624 2286 eam
642 2212 683 2286 ad
699 2240 768 2286 rem
786 2211 992 2286 destinatos:
1007 2211 1289 2312 quemadmodum
1307 2213 1390 2288 Ovi·

302 2319 337 2392 ἰ)
358 2325 434 2401 dius
451 2326 530 2402 lecit
545 2327 582 2402 iu
598 2324 694 2401 libris
708 2323 1066 2414 Traneforurationum,
1084 2341 1118 2399 et
1130 2328 1299 2400 Lucanus.
1323 2359 1342 2392 u

365 2444 646 2536 Vlc'r0b1115,lib.
657 2446 724 2519 Xll
740 2443 784 2518 V
776 2470 822 2519 ar.
833 2473 906 2546 cap.
922 2443 965 2517 5:
983 2477 1001 2511 «
1016 2444 1227 2534 Ovidius,ut
1238 2444 1390 2523 oratioue

320 2595 338 2627 »
358 2590 395 2637 ae
413 2563 587 2652 versibus,
601 2562 648 2635 ita
662 2561 730 2637 vina
747 2580 782 2636 et
794 2562 947 2637 moribus
965 2580 1148 2639 enervatus.
1166 2598 1184 2629 n

399 2932 756 3009 compen-Aulo
780 2935 998 3009 TlBULLl
1021 2936 1088 3008 ET
1111 2934 1316 3021 ovum,

507 3112 510 3119 ’
660 3132 696 3170 rx
710 3131 868 3171 unumunurn
880 3131 1046 3171 mucorem

543 3289 809 3362 JOACHIMI
838 3288 1159 3359 GAMERARH.
1210 3301 1220 3312 “

270 3502 274 3515 ’
366 3480 538 3557 Dicemus
561 3498 594 3556 et
617 3481 657 3555 de
683 3478 845 3555 leviorum
869 3480 991 3558 artium
1015 3478 1151 3568 studio,
1176 3495 1217 3553 ul
1234 3478 1392 3553 Ciceroni

319 3594 451 3698 placer,
469 3613 503 3672 et
528 3622 567 3669 ex
590 3592 651 3673 illo
677 3592 810 3669 nobiles
836 3611 952 3702 poetas
969 3592 1053 3669 dnos
1068 3591 1171 3668 veluti
1185 3580 1223 3665 iu
1246 3590 1391 3667 medium

319 3708 562 3812 producamus,
583 3709 758 3791 Tibullum
781 3727 881 3813 atque
906 3709 1077 3786 Ovidium.
1098 3712 1288 3810 Utrumque
1310 3705 1392 3781 mol-

320 3827 384 3903 lem
397 3884 406 3915 ,
419 3857 456 3902 ae
470 3845 636 3918 tenerum,
652 3847 684 3903 et
695 3827 823 3904 facilem
838 3859 846 3902 ε
859 3828 919 3930 qui
931 3828 1031 3903 ambo
1044 3846 1080 3903 et
1091 3856 1220 3904 amores
1229 3828 1392 3915 cecinere,

262 3998 267 4007 ·
320 3964 353 4020 et
367 3946 536 4023 versiculis
546 3946 626 4022 illos
640 3946 823 4037 inclusere,
842 3946 939 4049 quasi
954 3946 1082 4022 remissi
1101 3964 1134 4020 el
1149 3946 1324 4023 solutioris
1337 3974 1392 4019 cu·

320 4062 450 4162 jusdam
466 4063 578 4154 modi,
599 4092 684 4165 quos
702 4063 864 4161 elegiacos
881 4079 1009 4137 vocant.
1025 4064 1078 4138 De
1092 4062 1147 4137 bis
1167 4048 1392 4139 intervenere

323 4178 492 4256 contentio
501 4179 585 4271 snit,
600 4197 674 4254 uter
685 4176 779 4255 alleri
791 4178 1014 4281 proferendus
1021 4178 1198 4254 videretur.
1211 4178 1288 4275 Ego
1297 4204 1390 4260 vero,
