3017 5000
371 514 434 598 1415
697 514 737 578 r.
766 512 945 580 ovrmr
967 512 1101 580 vma

363 652 441 726 licet
457 683 476 728 a
493 650 690 753 praetoribus
707 680 747 726 er
763 652 904 729 decuriis
917 670 1036 754 praeter
1050 653 1272 728 centumviros
1285 653 1430 750 legebar

364 784 436 853 tur,
454 766 559 840 etalii
577 766 618 839 ad
643 766 847 867 privatorum
871 765 945 841 lites
969 766 1216 865 dijudicandas,
1243 768 1302 869 qni
1321 767 1433 866 privati

363 908 497 983 quoque
512 880 640 980 judices
655 881 876 987 vocabantur,
901 882 1025 984 quique
1041 882 1208 979 sigillatim
1225 884 1268 955 ad
1286 884 1428 983 quamvis

361 1026 512 1086 causam,
530 997 750 1100 centumviros
775 1026 845 1070 non
866 1016 1089 1100 spectantem,
1108 998 1282 1073 dabantur.
1306 997 1428 1071 Audia-

359 1144 433 1189 mus
451 1115 536 1190 banc
549 1116 584 1188 in
600 1144 668 1189 rem
684 1114 763 1189 Aul.
783 1114 927 1190 Gellium
944 1124 975 1205 ¹,
994 1116 1101 1216 quiid
1116 1144 1219 1211 genus
1235 1114 1335 1216 judex
1347 1114 1425 1189 fuit:

292 1270 296 1286 ν
361 1232 479 1328 «Quo
506 1232 650 1334 primum
676 1248 823 1332 tempore
849 1260 868 1304 a
891 1231 1091 1332 praetoribus
1117 1232 1222 1305 lectus
1248 1230 1284 1303 in
1304 1229 1426 1328 judices

362 1380 380 1411 »
400 1374 493 1433 sum,
520 1365 559 1420 ut
575 1364 743 1435 rnorem,
763 1374 836 1447 qua
855 1344 1067 1448 appellantur
1082 1363 1257 1434 rumare,
1280 1344 1425 1445 suscipe

360 1494 377 1526 u
396 1490 486 1550 rem,
506 1460 611 1535 libros
629 1462 804 1563 utriusque
821 1454 943 1557 linguae
961 1460 1001 1535 de
1018 1460 1129 1535 officio
1141 1460 1262 1560 judicis
1287 1463 1424 1563 scriptos

360 1608 377 1640 o
397 1574 601 1677 conquisivi;
620 1592 658 1648 ut
673 1576 776 1650 homo
794 1574 982 1651 adolescens
1001 1606 1019 1649 a
1036 1588 1207 1677 poetamm
1222 1574 1346 1649 sabulis
1362 1593 1425 1651 eta

360 1727 378 1757 »
398 1694 570 1767 rhetorum
588 1692 732 1794 epilogis
748 1692 790 1765 ad
807 1694 997 1792 judicandas
1014 1693 1090 1769 lites
1105 1678 1241 1768 vocatus
1257 1748 1266 1780 ,
1284 1718 1354 1767 rem
1373 1694 1424 1792 jn-

357 1842 375 1874 »
395 1807 578 1896 diciariam,
650 1836 690 1882 er
704 1808 826 1897 mutis,
841 1808 933 1909 qnod
951 1809 1060 1896 aiunt,
1071 1807 1239 1903 magistris
1251 1836 1423 1903 cognosce·

355 1959 374 1992 u
394 1954 483 2013 rem,
503 1942 563 1999 etc.
587 1960 604 1991 »
627 1927 666 1998 ln
682 1925 774 1999 hisce
790 1954 867 1999 vero
883 1927 1021 2028 privatis
1035 1924 1169 2025 judiciis
1184 1952 1273 1999 nnus
1288 1924 1423 2025 quidem

353 2058 482 2115 tantum
504 2040 603 2140 judex
622 2040 714 2115 litem
736 2070 796 2115 sna
819 2042 982 2116 sententia
997 2041 1191 2127 deliniebat,
1209 2058 1304 2115 erant
1320 2056 1421 2113 tamen

351 2156 408 2231 alii
433 2155 554 2256 judicis
579 2158 675 2231 amici
696 2156 879 2256 jurisperiti
895 2145 930 2229 in
947 2156 1128 2230 consilium
1149 2155 1311 2242 adhibiti,
1327 2172 1421 2257 prout

351 2270 439 2343 idern
461 2270 589 2345 Gellius
615 2287 731 2371 postea
750 2280 763 2309 ²
779 2270 899 2344 docett
920 2303 939 2334 «
954 2270 1155 2357 Petebatur,
1173 2269 1237 2357 ait,
1259 2269 1354 2370 apud
1374 2296 1422 2341 me

352 2420 371 2453 »
391 2388 547 2487 pecunia,
566 2413 638 2488 qua
652 2388 824 2462 dicebatur
837 2387 912 2461 data
925 2402 1180 2487 numerataque,
1194 2400 1253 2459 etc‘.
1272 2418 1294 2451 »
1310 2385 1420 2459 Paucis

351 2503 467 2576 deinde
481 2521 561 2602 post
573 2501 670 2576 lineis
685 2533 693 2576 ε
712 2537 729 2567 «ι
746 2505 860 2591 Tunc,
875 2503 984 2591 addit,
998 2503 1047 2574 ibi
1061 2502 1157 2575 amici
1170 2501 1254 2589 mei,
1271 2490 1419 2604 quosro-

352 2653 370 2685 »
392 2643 541 2713 gaveram
562 2617 598 2688 in
617 2617 814 2704 consilium,
833 2616 1097 2703 tiriexercitati,
1116 2634 1216 2716 atque
1229 2617 1265 2689 in
1280 2617 1418 2718 patroci-

351 2768 370 2800 ι
387 2734 456 2805 niis
470 2732 548 2806 etin
560 2737 672 2834 operis
686 2732 749 2806 sori
763 2731 925 2820 celebres,
997 2751 1068 2804 lton
1082 2731 1263 2806 sedendum
1281 2733 1415 2818 diutius,

352 2883 371 2916 »
390 2877 426 2921 ac
446 2846 627 2921 nihilesse
654 2848 793 2922 dubium
819 2847 990 2933 diclbant,
1016 2846 1098 2946 quin
1123 2845 1347 2924 absolvendus
1372 2847 1416 2919 so

350 2999 368 3030 o
389 2982 456 3051 ret,
475 2980 537 3036 etc.
561 2997 579 3028 »
598 2964 759 3037 Praeterea
776 2961 826 3034 vel
844 2991 883 3036 er
902 2962 1060 3035 Cicerone
1077 2979 1187 3063 patet,
1204 2989 1320 3038 causas
1334 2961 1416 3035 band

347 3079 430 3153 adeo
451 3077 538 3152 leves
558 3105 595 3151 ac
616 3076 717 3172 vulgo
743 3093 882 3177 putant,
902 3075 960 3150 sed
975 3094 1009 3149 et
1025 3075 1234 3171 gravissimas
1250 3077 1289 3149 in
1304 3077 1414 3150 iisdem

344 3194 479 3294 judiciis
495 3193 633 3297 privatis
646 3203 735 3268 actas
750 3192 862 3265 luisse.
877 3190 937 3265 llle
953 3193 1040 3266 enim
1055 3191 1096 3266 de
1110 3191 1277 3265 Oratore³
1294 3225 1303 3266 :
1322 3227 1339 3257 «
1353 3193 1414 3264 Vo

347 3348 365 3388 a
385 3311 479 3392 litare
492 3312 528 3386 in
540 3311 631 3399 soro,
646 3311 769 3389 harere
781 3311 817 3382 in
831 3311 920 3409 jure,
935 3339 973 3384 ac
987 3327 1166 3410 pratorum
1177 3309 1413 3398 tribunalibus,

348 3466 366 3498 a
388 3448 534 3508 wltlcla
545 3448 700 3508 Pulvata
710 3456 905 3523 magnarum
916 3457 1026 3527 rerum
1037 3427 1143 3516 obire,
1154 3429 1187 3502 in
1200 3429 1325 3529 quibus
1334 3455 1412 3528 sape

349 3579 366 3610 υ
384 3537 511 3620 nonde
526 3545 630 3632 sacto,
645 3545 702 3620 scd
718 3545 759 3617 de
772 3545 925 3644 aequitate
940 3562 975 3618 et
988 3547 1061 3643 jure
1073 3561 1234 3630 certetur;
1249 3545 1369 3642 jactare
1381 3569 1412 3615 se
1458 3628 1459 3637 ἵ

349 3691 366 3723 u
387 3661 422 3733 in
439 3661 546 3734 causis
568 3678 930 3746 cnmumvmamntss,
947 3661 982 3732 in
1004 3659 1127 3760 quibus
1152 3660 1409 3760 usucapionum‚

349 3809 366 3840 u
390 3775 588 3862 tutelarum,
606 3775 849 3869 gentilitatum,
865 3776 1099 3872 agnationum,
1115 3775 1339 3862 alluvionum,
1355 3771 1411 3846 cir·
1456 3804 1457 3839 2

349 3925 365 3952 υ
387 3887 652 3975 cumlnvionum,
674 3916 855 3978 nexorum,
873 3891 1054 3991 parietum,
1074 3888 1258 3978 luminum,
1281 3884 1410 3962 stillici·
1455 3944 1456 3947 ,

377 4079 385 4106 ¹
405 4074 481 4128 Nncl.
497 4072 576 4126 Arrio
590 4072 634 4125 lib.
647 4071 725 4138 XIV,
738 4091 792 4143 nep.
805 4093 827 4125 a·

376 4169 388 4198 ¹
406 4165 476 4219 Vide
489 4177 516 4219 et
528 4164 571 4218 lib.
584 4165 654 4235 llll,
668 4183 723 4236 cap.
740 4167 778 4219 13.

373 4255 385 4292 ⁸
402 4255 562 4326 lrib.1,cap.
575 4257 625 4324 385
642 4255 701 4310 vide
714 4267 741 4312 et
752 4257 792 4330 39,

1452 4131 1454 4187 l

1452 4213 1453 4242 l
