3017 5000
294 495 361 579 204
628 496 666 559 u.
694 492 1030 562 ov1u11v1ra

291 635 493 738 adpulisset,
518 635 638 709 achoc
656 634 807 736 inportu
829 636 959 724 navim,
987 662 1053 735 qua
1074 632 1142 706 huc
1165 648 1371 705 transvectus

289 756 414 843 suerat,
437 753 642 855 reliquissct;
661 754 819 829 Isthmum
837 753 1087 827 Corinthiacum
1103 750 1247 853 pedibus
1263 766 1372 823 mans·

293 869 374 958 ivit,
401 888 501 970 atque
521 867 686 957 Cenchreis
698 865 795 941 aliam
813 868 976 943 dcsumsit
992 866 1144 940 carinam.
1171 866 1251 938 lice
1269 864 1373 937 doce-

291 1016 422 1061 murex
441 986 544 1061 Trist.
562 984 621 1060 lib.
643 990 676 1074 l,
695 985 790 1083 Eleg.
809 976 870 1074 ni,
888 982 1007 1060 collata
1020 1012 1096 1059 com
1114 983 1205 1079 Eleg.
1224 1004 1258 1058 x.
1271 980 1372 1055 illam

294 1106 380 1181 enim
400 1105 447 1179 sic
465 1104 618 1180 orditur:

462 1250 510 1305 Est
523 1250 602 1318 mihi,
615 1251 716 1320 sitque,
729 1270 837 1319 precor,
849 1249 923 1304 flava
936 1252 1018 1304 trstela
1031 1251 1162 1305 Minerva

494 1346 577 1397 Narr's
584 1360 593 1407 ,·
606 1352 633 1395 et
645 1361 659 1396 a
673 1342 741 1411 picta
753 1341 850 1397 casside
862 1360 963 1395 nomen
976 1342 1073 1408 habet,
1085 1352 1135 1397 ete

296 1459 380 1567 Mox
396 1488 481 1533 vers.
500 1488 539 1560 9,
558 1458 673 1534 addit:

460 1607 507 1661 llla
522 1609 692 1661 Corinthiacisr
702 1608 821 1675 primum
834 1606 899 1660 milti
913 1609 1016 1679 cognita
1031 1610 1151 1661 Cerebris
1161 1610 1189 1673 ¹,

496 1700 519 1753 F
520 1698 562 1751 ida
575 1708 665 1751 manet
677 1696 788 1768 trepide
800 1697 905 1767 duxque
916 1718 1058 1768 comesque
1068 1698 1155 1768 luge,
1170 1708 1220 1752 etc.

292 1815 408 1911 Elegia
420 1844 497 1889 vero
512 1838 536 1890 x
551 1815 590 1888 de
607 1818 756 1915 tempore
768 1843 925 1903 monens,
943 1844 1012 1916 quo
1023 1814 1116 1888 hicce
1127 1814 1288 1890 Tristium
1303 1816 1376 1917 pri-

296 1960 370 2006 mus
384 1930 468 2006 liber
481 1949 633 2006 exaratus
651 1930 713 2019 sit,
729 1930 778 2004 ait
790 1931 861 2029 ejus
878 1931 1048 2032 Epistulas
1059 1960 1131 2007 esse
1147 1932 1374 2033 conscriptas,

296 2065 354 2121 ant
373 2048 406 2121 in
425 2047 542 2122 mediis
559 2045 719 2121 Adriatici
735 2056 747 2085 ²
768 2047 869 2120 maris
884 2046 998 2147 aquis,

460 2194 517 2247 Aut
527 2206 665 2263 postquam
680 2198 800 2249 bimarem
810 2214 886 2248 cursu
895 2195 1075 2264 superavimus
1086 2197 1213 2260 testeos,

496 2287 638 2356 Alteraque
650 2298 688 2340 est
702 2298 798 2341 nostre
809 2294 909 2357 sumpta
920 2293 1010 2341 carr'rra
1019 2286 1094 2359 luge.

298 2404 382 2502 Quae
398 2420 437 2477 ut
453 2404 559 2500 magis
575 2401 801 2492 illustrentur,
827 2432 931 2506 pauca
954 2404 1010 2478 hie
1025 2404 1202 2481 adnotasse
1224 2433 1292 2478 nou
1308 2406 1378 2481 erit

296 2518 424 2594 inutile.
444 2521 578 2596 Scilicet
600 2551 703 2623 quum
725 2521 892 2596 Corinthus
920 2540 1006 2596 esset
1024 2523 1129 2622 posito
1150 2523 1181 2595 in
1197 2523 1373 2624 angustiis,

297 2653 387 2739 etque
402 2637 585 2739 insaucibus
602 2639 751 2726 Gracile,
769 2640 828 2725 sic,
847 2654 881 2712 ut
899 2653 980 2712 terro
997 2637 1155 2712 claustra'
1174 2639 1308 2714 locorum
1324 2655 1379 2714 te·

299 2768 397 2839 neret,
421 2769 452 2827 ct
467 2753 529 2827 duo
551 2751 563 2799 ⁴
583 2755 681 2828 rnaria
703 2753 800 2851 (scil.
829 2754 908 2828 hinc
928 2753 1073 2842 Ionium,
1100 2755 1178 2830 inde
1197 2753 1379 2856 ABpem)

298 2868 432 2944 macrirre
443 2872 632 2971 carpatiae
649 2869 660 2910 ⁵
679 2869 897 2971 diecrsopoerc
908 2874 1118 2972 confrangeret,
1134 2901 1226 2972 praru
1232 2873 1382 2973 pertenui

332 3065 341 3093 ¹
360 3060 432 3114 Male
446 3059 577 3116 Ciolauus
590 3061 657 3118 hanc
668 3061 812 3118 lectionem
825 3062 963 3131 sollicitat,
985 3082 1015 3116 ec
1034 3063 1107 3116 istius
1124 3061 1195 3116 vocis
1211 3062 1270 3116 loco
1287 3081 1378 3132 repo-

298 3145 420 3200 nendum
439 3152 513 3200 terris
533 3146 687 3215 contendit,
706 3148 778 3217 quasi
797 3149 868 3202 Naso
881 3167 936 3201 non
951 3149 1085 3207 Cerebris,
1105 3147 1249 3200 aeduino
1267 3144 1377 3200 Coriu-

300 3229 387 3283 thiaco
398 3229 552 3299 discedens,
566 3241 663 3301 praeter
673 3231 889 3302 Peloponnesum
897 3231 1051 3303 navigasset.
1059 3231 1151 3300 Quam
1163 3232 1317 3302 opinionem
1330 3249 1377 3285 re·

299 3315 410 3370 vincunt
422 3335 481 3386 que
492 3315 616 3385 deinceps
628 3326 760 3370 notamus.

331 3410 343 3440 ²
360 3407 426 3476 Quo
443 3409 553 3462 nomine
574 3407 695 3479 intelligit
716 3409 790 3462 Marc
808 3409 937 3477 Superum,
956 3408 1063 3479 proprie
1083 3409 1245 3463 Adrr'ettcu
1267 3425 1377 3478 quoque

301 3491 420 3560 dictum,
434 3494 472 3547 uti
489 3502 516 3546 et
532 3497 649 3558 lorium,
664 3493 751 3548 Strab.
770 3493 814 3548 tib,
832 3493 919 3560 VllI,
930 3511 989 3563 pag.
1007 3494 1063 3558 tet
1088 3489 1160 3545 Licet
1182 3491 1215 3545 at
1238 3493 1379 3546 Omeros

300 3589 406 3632 montes
419 3577 551 3633 desineret
562 3598 635 3633 mere
649 3583 830 3644 Adriaticum,
847 3599 877 3634 ac
888 3579 1015 3648 inciperet
1026 3577 1089 3631 iude
1105 3581 1218 3644 Ionicus,
1232 3589 1261 3632 ut
1279 3579 1379 3634 Noster

300 3663 380 3718 etiam
394 3675 485 3730 vocat,
498 3665 578 3720 Trirt.
589 3664 633 3719 lib.
646 3667 676 3733 1,
689 3664 764 3736 Eleg.
775 3681 812 3719 111
824 3685 830 3719 :
841 3665 895 3719 vid.
905 3686 963 3736 pag.
976 3663 1087 3736 prooed.

334 3751 345 3786 ³
363 3753 466 3808 Velleio
485 3774 588 3825 quoque
600 3755 643 3810 lib.
655 3755 683 3822 1,
694 3775 750 3826 cap.
761 3756 795 3822 3,
809 3754 956 3812 Corinthus
970 3755 1067 3812 dicitur
1078 3757 1199 3810 Claustra
1210 3757 1383 3825 Peloponnesi·
1439 3767 1443 3772 '

300 3843 439 3893 conterens.

333 3929 345 3965 ⁴
363 3929 436 3983 nine
450 3914 801 4002 concinnationum
815 3937 931 3998 rimant,
956 3933 995 3987 un
1013 3933 1143 3999 nolano,
1154 3931 1239 3999 nan,
1250 3931 1305 3986 oa.
1317 3947 1377 3999 vn,

300 4031 330 4068 sc
341 4009 456 4079 ovidio,
473 4013 543 4066 Fast.
555 4013 599 4068 lib.
615 4013 666 4082 lV,
679 4033 745 4068 reas.
763 4020 819 4070 501.
839 4015 914 4084 Quin
926 4025 953 4069 et
970 4019 1084 4070 Isthmus
1093 4016 1146 4084 ipse
1158 4019 1264 4068 bahan&
1279 4015 1379 4069 Nostro

300 4107 424 4163 vocatur,
443 4115 499 4150 nou
518 4095 604 4150 solum
622 4117 653 4152 ea
678 4098 751 4168 Eleg.
776 4115 812 4165 x,
825 4097 869 4153 lib.
881 4099 914 4165 1,
928 4098 975 4152 sed
996 4108 1024 4152 et
1042 4097 1154 4151 Metam.
1171 4096 1215 4151 lib.
1234 4096 1292 4162 Vl,
1311 4116 1379 4151 vers.

299 4183 363 4254 419,
376 4185 440 4249 420,
454 4191 503 4234 etc.

333 4271 345 4306 ⁵
361 4272 421 4340 Sic,
435 4292 490 4328 non
502 4293 565 4328 vero
577 4279 748 4344 rarr'pattorr',
762 4272 907 4345 legendum
923 4293 1019 4330 censeo
1029 4296 1036 4340 ;
1057 4293 1140 4344 quum
1151 4271 1291 4328 Ciceron'u
1301 4291 1380 4327 mens
