3017 5000
317 433 383 500 318
614 491 619 498 .
658 430 1057 502 nnnlcarlottus

720 621 971 644 ιιι-...ιὰ-

399 805 637 884 GEORGII
668 807 989 885 sensurum
1020 807 1324 882 numento

688 1029 734 1084 ru
759 1029 958 1098 russos,
981 1041 1030 1102 ge.
1163 997 1168 1006 ’

731 1249 987 1304 ammorreo,

504 1413 550 1478 D.
583 1409 909 1478 HIERONYMO
940 1412 973 1477 A
1000 1409 1223 1478 KANITZ.

433 1593 682 1694 QUAPROPTER
693 1625 797 1700 quum
811 1599 975 1699 superiori
982 1599 1130 1674 mmestri
1140 1595 1175 1671 in
1186 1627 1396 1674 communem

319 1720 502 1820 juventutis
519 1719 722 1796 scholasticae
737 1749 837 1794 usum
849 1720 1025 1797 Maronem
1042 1720 1238 1810 edidissem,
1252 1719 1395 1797 aliorum

321 1843 457 1946 partim,
472 1844 553 1918 meis
571 1871 704 1945 quoque
723 1842 860 1918 scholiis
876 1841 1232 1948 observationibusque
1247 1843 1397 1921 iilustra-

322 1983 413 2054 tnm‚
430 1991 468 2038 ae
485 1964 604 2066 (quod
622 1965 692 2040 sine
707 1964 902 2062 arrogantie
919 1965 1141 2042 ostentatione
1158 1997 1178 2045 a
1193 1997 1246 2042 me
1268 1967 1396 2044 dictum

322 2089 388 2182 sit)
402 2085 516 2162 multis
534 2087 569 2161 iu
583 2086 665 2162 locis
678 2105 883 2176 correctum
898 2089 1159 2194 operaepretium
1168 2119 1220 2165 me
1230 2089 1395 2168 iacturum

320 2211 454 2314 putavi,
473 2208 690 2311 periclitando
707 2209 796 2284 idem
812 2211 849 2284 in
866 2205 1011 2287 Nasonis
1025 2212 1178 2315 scriptis3
1194 2213 1230 2287 in
1247 2213 1395 2316 quibus,

323 2335 436 2409 sinon
454 2344 583 2409 tantum
599 2331 823 2422 difficultatis,
836 2360 906 2408 nou
924 2335 1036 2410 miuus
1050 2335 1220 2437 prosectu,
1243 2337 1395 2438 quamin

322 2457 382 2534 illo
401 2458 620 2548 mendorum,
640 2456 691 2533 rei
714 2455 885 2560 aliquanto
903 2459 1002 2534 etiam
1017 2458 1160 2563 amplius
1181 2459 1393 2536 inveniretur.

322 2586 440 2684 Neque
454 2611 531 2657 vero
544 2581 586 2657 ab
602 2582 668 2657 hoc
683 2583 839 2658 instituto
856 2610 908 2657 me
924 2581 1155 2658 deterruerunt
1175 2583 1396 2686 quorumdam

324 2708 366 2782 de
388 2708 452 2781 hoe
468 2724 567 2809 poeta
581 2704 706 2806 judicia
722 2734 791 2780 nou
812 2704 992 2781 admodum
1009 2706 1206 2794 honorifica3
1231 2737 1336 2809 quum
1354 2708 1395 2783 iis

325 2856 529 2931 opponerem
539 2828 733 2903 contrariam
744 2827 785 2903 de
800 2828 864 2902 boe
875 2828 950 2932 ipso
966 2858 1068 2931 quum
1080 2827 1219 2906 aliorum
1235 2828 1394 2907 docuine

324 2952 509 3028 eruditione
534 2970 568 3027 et
592 2950 717 3048 ingenii
739 2951 889 3028 acumine
911 2954 1138 3054 prestantium
1157 2955 1304 3031 virorum
1322 2956 1394 3059 opi-

324 3077 480 3165 nionem,
506 3094 577 3151 turn
602 3076 753 3177 inprimis
770 3075 853 3150 tulii
871 3076 1008 3153 Cesaris
1026 3075 1203 3173 scaligeri,
1225 3096 1259 3153 at
1277 3078 1393 3181 quanti

324 3198 402 3275 viri!
419 3198 695 3276 existimationem
712 3198 806 3274 valde
820 3197 1028 3302 'praeclaram
1052 3202 1132 3276 Non
1151 3201 1238 3277 euim
1260 3202 1394 3299 ignora-

323 3326 402 3400 bam
425 3325 468 3399 ab
486 3325 560 3425 ipso
576 3324 611 3398 iu
627 3322 851 3427 hypercritico
866 3324 957 3401 huuc
978 3342 1131 3400 nostrum
1153 3321 1202 3399 iili
1220 3342 1391 3427 poetamm

326 3448 413 3525 aetati
431 3449 610 3537 accenseri,
627 3448 663 3521 in
681 3476 762 3549 qua,
782 3471 882 3551 quum
897 3464 1084 3522 ceterarum
1101 3464 1233 3526 aetatum
1245 3448 1303 3523 alii
1316 3448 1393 3526 alias

326 3602 344 3647 a
362 3592 476 3649 namra
494 3574 632 3648 virtutes
653 3572 745 3648 datas
770 3570 963 3677 profitetur,
987 3589 1106 3648 cuncta
1131 3570 1230 3647 simul
1251 3572 1391 3647 inveniri

327 3697 510 3787 existimat,
528 3716 599 3772 tum
616 3697 791 3771 candorem
808 3714 1076 3798 venustatemque
1095 3696 1221 3799 absque
1236 3692 1305 3770 uile
1322 3695 1392 3775 die-

327 3820 429 3895 tionis
446 3816 667 3910 affectatione,
683 3817 762 3893 huic
781 3847 851 3894 esse
866 3818 1063 3923 peculiarem
1078 3817 1265 3894 arbitratur.
1290 3818 1390 3919 Quod

328 3961 436 4018 autem
452 3940 627 4038 singularis
642 3940 782 4045 exempli
798 3942 866 4030 vir,
882 3970 990 4044 neque
1005 3972 1072 4017 suae
1087 3940 1246 4017 duntaxat
1256 3944 1388 4042 patrie,

329 4069 386 4143 sed
397 4068 499 4141 totius
516 4066 698 4141 Germania
711 4084 958 4155 ornamentum,
968 4061 1162 4140 Joaebimus
1170 4066 1386 4149 Camerarius,

331 4192 422 4293 quod
438 4190 560 4265 Ovidio
579 4190 697 4266 tribuit
713 4190 881 4286 elogium?
899 4217 1000 4292 quam
1019 4190 1055 4264 in
1077 4188 1137 4266 illo
1158 4188 1288 4265 laudem
1309 4187 1387 4262 euri·
