3017 5000
422 525 519 591 PER
543 526 576 590 J.
603 520 851 591 Messon·
1098 528 1164 592 aad

114 684 178 757 tun,
197 694 236 741 ac
253 682 426 769 paternam
444 664 687 766 eloquentiam,
706 665 802 765 cujus
814 664 923 738 luerat
938 663 1053 756 heres,
1079 696 1164 744 vers.
1258 756 1268 775 ι

114 785 334 977 ⁴⁹bilitionem
349 928 428 975 vero
444 918 496 975 est
513 900 659 1001 ejusdem
681 898 761 974 libri
779 902 844 1001 Ep.
865 918 951 989 vlu,
972 918 1006 974 et
1020 900 1080 977 lib.
1096 905 1165 992 111,

114 1018 156 1119 tp.
174 1038 202 1093 11
218 1046 256 1093 ac
272 1038 318 1105 v,
337 1046 403 1119 qua
413 1018 534 1119 starem}
549 1016 673 1091 Ovidio
692 1016 829 1103 dieitur,
847 1045 932 1091 vers.
951 1043 969 1117 7
988 1047 996 1091 :

251 1166 393 1237 Legimus,
409 1186 425 1219 o
431 1168 536 1235 juvenis
545 1170 627 1233 patrii
634 1185 685 1218 non
695 1168 803 1234 degener
813 1171 875 1227 orc's,

287 1252 366 1307 Dicta
379 1251 425 1307 tibi
437 1252 517 1321 pleno
527 1250 606 1305 verbe
619 1250 715 1304 diserta
727 1248 800 1315 loro,
814 1260 862 1303 etc.

145 1372 184 1445 v.
208 1368 278 1443 Sed
295 1386 334 1444 ut
350 1368 393 1444 ad
408 1367 553 1443 Nasonis
574 1394 713 1468 operum
737 1364 855 1442 seriem
872 1367 1067 1454 redeamus,
1093 1367 1173 1443 libri

112 1486 144 1557 ll
156 1511 192 1558 ex
204 1484 319 1557 Ponto
336 1482 445 1583 Epist.
464 1500 503 1555 lv
523 1482 586 1555 hoc
600 1481 782 1555 certissime
797 1510 886 1555 anno
905 1481 947 1554 ad
961 1483 1084 1556 exitum
1092 1500 1174 1558 ¹ver-

113 1619 190 1696 gente
206 1598 306 1673 missa
320 1616 372 1673 est
384 1596 484 1671 Sexto
498 1597 660 1696 Pompeii),
679 1598 732 1672 cui
745 1598 787 1672 de
801 1598 960 1673 consulatu
977 1598 1172 1696 gratulatur,

112 1746 192 1819 quem
206 1745 297 1791 auno
315 1732 470 1811 gesturus
482 1732 552 1790 erat
565 1714 729 1815 proximo.
746 1715 862 1811 Fingit
877 1716 964 1791 enim
979 1720 1114 1795 Famam
1126 1720 1174 1795 sic

113 1860 138 1907 se
150 1833 339 1909 adlocutam
351 1831 471 1919 fuisse,
491 1857 575 1904 vers.
601 1856 665 1929 17:

194 2022 197 2027 .
265 1981 374 2033 Consule
385 1980 520 2045 Pompeio,
537 1995 589 2045 quo
603 1995 659 2029 nou
671 1975 718 2029 tibi
731 1977 817 2031 carior
829 1978 911 2043 alter,

298 2060 437 2115 Candidus
448 2069 475 2113 et
485 2058 547 2113 felix
555 2064 779 2127 proximusannns
790 2060 848 2113 erit.
963 2058 967 2067 '

112 2176 215 2255 deiude
232 2205 319 2253 vers.
338 2174 402 2267 23,
421 2175 538 2250 addit:

262 2326 336 2391 Ergo
346 2323 408 2389 ubi,
421 2323 489 2376 Jane
499 2322 605 2392 biceps,
618 2323 726 2393 longum
738 2328 886 2379 reseraveris
893 2346 1000 2391 amun,

297 2405 392 2461 Pulsus
404 2414 459 2460 eta
471 2424 544 2459 sacro
555 2422 646 2459 mense
659 2408 797 2461 December
802 2409 865 2472 erit3

261 2492 387 2562 Purpura
397 2493 544 2558 Pompeium
554 2488 652 2544 summi
664 2488 763 2546 velabit
773 2491 894 2560 honoris,
905 2502 955 2547 etc.

113 2611 163 2686 llle
189 2629 300 2688 autem
329 2607 447 2683 ὅπως
475 2609 642 2710 Pompeius
667 2638 756 2684 anno
790 2611 1025 2713 subsequenti,
1059 2617 1104 2690 U.
1138 2617 1177 2693 C.

114 2747 291 2817 lmxvll,
305 2727 414 2800 consid
422 2755 547 2800 anuum
559 2725 706 2802 fascibus
719 2727 866 2826 apenrit;
882 2755 984 2828 quare
997 2729 1067 2804 baec
1079 2733 1180 2832 Epis-

115 2845 186 2934 tola,
202 2845 245 2920 ad
264 2871 340 2920 eum
356 2842 423 2942 jam
441 2842 652 2939 designatum
671 2840 843 2917 consulem
861 2845 983 2936 missa,
1003 2864 1181 2949 antequam

116 2963 272 3038 Decembri
286 2959 500 3036 successisset
515 2957 712 3046 Ianuarius,
735 2959 775 3034 ad
794 2960 922 3038 huncce
937 2992 1061 3038 annum
1077 2969 1120 3040 U.
1140 2971 1180 3043 C.

117 3100 257 3158 boeval
273 3097 448 3155 exeuntem
463 3077 601 3152 omnino
614 3077 770 3176 pertinet.
788 3079 878 3150 Ante
886 3107 966 3153 vero
976 3080 1064 3156 banc
1072 3085 1179 3184 Epist.

118 3199 284 3300 scripserat
293 3214 325 3269 et
335 3195 481 3294 ejusdem
497 3193 575 3266 libri
587 3192 747 3294 primam,
764 3222 838 3294 quae
849 3223 918 3270 nun
931 3197 1033 3271 modo
1047 3198 1182 3291 ordine,

119 3314 214 3390 sedet
230 3333 383 3416 tempore
408 3309 489 3391 alias
511 3308 618 3384 eidem
637 3309 778 3409 scriptas
795 3313 982 3410 precessit,
999 3332 1038 3387 ut
1054 3311 1184 3414 liquido

52 3461 53 3510 1
122 3446 199 3526 patet
215 3458 253 3504 ex
269 3457 353 3502 vers.
378 3451 488 3499 1-20:

269 3576 381 3645 Accipe,
397 3575 516 3640 Pompei,
529 3571 675 3626 deductum
687 3589 796 3626 cannen
806 3571 839 3624 ab
849 3571 911 3639 illo,

302 3655 418 3710 Debitor
427 3665 467 3709 est
477 3654 537 3710 vile
547 3655 593 3722 qui
604 3653 650 3708 tibi
660 3692 667 3723 ,
680 3655 771 3717 Sexte,
785 3671 838 3707 ωε
848 3675 856 3718 ;

273 3740 330 3810 Qui
342 3780 350 3807 ,
362 3759 410 3794 sen
422 3757 478 3792 non
490 3738 613 3808 prohibes
626 3757 641 3792 a
654 3757 696 3790 me
709 3747 754 3792 tua
766 3737 877 3792 nomina
891 3737 968 3808 peni,

307 3819 424 3875 Accedet
436 3820 536 3875 meritis
547 3819 604 3874 hee
615 3837 719 3890 quoque
732 3838 836 3873 summa
848 3820 915 3889 tuis,
927 3829 976 3875 etc.

169 3938 339 4041 Pompeius
363 3937 419 4012 ille
446 3940 512 4039 jam
534 3955 609 4012 ante
631 3937 784 4013 maximis
812 3937 972 4013 Ovidium
989 3960 1188 4041 prosecutus

138 4051 228 4129 luerat
242 4056 428 4144 beneficiis,
447 4056 592 4160 ipsomet
609 4072 708 4156 poeta
724 4071 826 4144 teste,
843 4082 927 4130 vers.
946 4053 1016 4131 23:

274 4207 419 4276 Nunquam
430 4203 503 4276 pigra
513 4203 565 4257 luit
576 4200 672 4256 nostris
683 4213 727 4256 tua
739 4200 821 4272 grstia
832 4202 927 4268 rebus3

306 4297 363 4351 Nee
374 4294 439 4350 mibi
454 4295 593 4350 munificas
604 4311 663 4348 arca
676 4293 781 4362 negavit
793 4311 870 4363 opes,
884 4303 933 4347 etc.

243 4395 354 4464 VIII.
967 4397 1004 4459 15
