3017 5000
304 503 348 588 sa
577 507 616 570 r.
657 505 844 572 ov1o11
874 503 1106 576 uasouls

468 651 572 722 Ecquid
585 664 713 723 proterea
725 653 875 724 peccarim,
891 668 1010 724 querere
1022 655 1092 724 noli,

503 745 542 813 Ut
554 754 642 815 pateat
652 744 707 798 sola
721 743 798 813 culpa
810 745 860 798 sub
873 744 941 799 Arte
952 764 1021 798 mea.

303 881 469 956 Exsulans
485 879 645 955 antemio
659 877 744 955 locis
758 879 948 980 asperrimis
966 900 1002 955 et
1014 880 1285 982 perinhumanis,
1301 909 1394 984 sape

302 1019 342 1077 ut
353 998 469 1076 saltem
477 998 513 1071 in
523 999 688 1072 mitiorem
702 996 816 1071 locum
829 997 1049 1092 relegaretur,
1064 996 1178 1098 petiit3
1198 1026 1393 1100 quanquam

302 1116 353 1192 vel
369 1117 499 1190 veniam
510 1115 766 1214 impetraturum
782 1142 815 1188 se
832 1114 875 1187 ab
892 1116 1098 1215 Imperatore
1116 1113 1294 1216 sperabat:
1310 1144 1392 1216 qua-

300 1251 450 1335 propter,
467 1261 506 1306 eo
523 1248 681 1318 mortuo,
700 1230 735 1302 iu
753 1231 801 1302 lV
821 1229 862 1304 de
883 1231 1013 1320 Ponto,
1028 1230 1082 1304 El.
1100 1251 1160 1319 vt,
1178 1231 1225 1306 sic
1239 1229 1357 1306 dolet:

466 1388 592 1458 Coeperat
607 1387 742 1456 Augustus
754 1386 871 1458 decepte
882 1387 1017 1458 ignoscere
1030 1387 1131 1459 culpa

450 1508 452 1512 ·
499 1479 581 1548 Spem
596 1489 732 1543 nostram,
746 1487 829 1531 terras
839 1478 1009 1549 deseruitque
1020 1477 1107 1533 simul.

467 1569 555 1639 Quale
570 1579 660 1622 tamen
672 1569 763 1636 potui,
778 1568 810 1622 de
823 1568 918 1634 ccelite,
933 1569 1034 1637 Brute,
1048 1571 1149 1623 recenti

500 1660 596 1712 Vestra
606 1658 698 1728 procul
711 1658 811 1727 positus
823 1677 931 1713 carmen
943 1660 971 1714 in
985 1679 1032 1713 ora
1044 1659 1116 1713 (ledi.

466 1749 537 1819 Qun
551 1748 634 1818 prosit
647 1749 728 1818 pietas
739 1749 844 1802 utinam
857 1749 939 1816 milti,
952 1751 1039 1820 sitque
1051 1752 1183 1808 malorum

497 1841 560 1894 Jam
571 1840 683 1907 modus,
696 1851 724 1894 et
735 1860 816 1895 sacre
828 1841 920 1895 mitior
931 1841 970 1896 ira
981 1842 1078 1897 domus
1090 1845 1097 1897 l

300 1988 335 2046 et
349 1971 386 2043 in
411 1967 548 2058 eodem,
574 1967 719 2070 Epistol.
747 1987 804 2057 tx,
822 1997 947 2057 numen
964 1971 1112 2066 Augusti
1130 1989 1245 2066 rogat,
1263 1989 1303 2045 ut
1319 1973 1389 2047 sibi

299 2089 515 2184 ignoscatur;
533 2085 717 2186 presertim
736 2113 840 2186 quum
856 2084 898 2158 cle
914 2084 975 2158 illo
988 2115 1077 2159 novo
1093 2088 1167 2160 Deo
1182 2086 1271 2161 facto
1288 2086 1390 2162 libel-

299 2203 370 2279 lum
389 2201 587 2304 scripserit:
607 2200 654 2275 ait
671 2200 760 2274 enim
778 2231 786 2272 :

464 2359 510 2412 Tu
521 2367 594 2412 certe
609 2358 657 2410 scis
668 2356 740 2424 hec,
754 2356 857 2426 superis
868 2355 982 2424 adscite,
995 2357 1139 2428 ridesque,

503 2449 610 2520 Cesar,
624 2458 655 2504 ut
666 2459 705 2505 est
717 2449 799 2504 oculis
810 2448 915 2505 subdita
926 2461 996 2505 terra
1008 2451 1067 2506 tuis.

466 2544 510 2598 Tu
521 2554 624 2597 nostras
636 2540 711 2595 audis
723 2544 796 2597 inter
806 2561 922 2597 convexa
933 2544 1033 2598 locatus

502 2634 613 2700 Sidera,
625 2632 737 2687 sollicito
751 2652 817 2703 quas
830 2631 925 2688 damus
935 2653 981 2688 ore
994 2652 1092 2703 preces.

468 2723 633 2779 Pervenient
645 2722 743 2776 illucet
757 2724 877 2777 carmina
889 2725 999 2778 forsitan
1010 2723 1070 2793 illa,

501 2813 572 2883 Qua
584 2814 616 2868 de
630 2824 654 2869 te
666 2814 756 2883 scripsi
768 2814 851 2868 caelite
861 2814 930 2868 lacta
942 2833 1021 2867 novo.

466 2907 593 2975 Auguror
603 2903 645 2959 lris
656 2904 737 2975 igitur
749 2904 821 2958 llecti
833 2915 879 2959 tua
889 2906 1018 2959 numina:
1030 2924 1079 2961 nec
1090 2917 1119 2961 tu

500 2996 642 3051 Immerito
654 3014 756 3051 nomen
768 2998 834 3051 mite
848 2998 965 3067 parentis
977 2996 1065 3051 habas.

304 3127 445 3229 Scripsit
464 3141 540 3201 aute
566 3120 720 3197 exsilium
741 3121 928 3197 Heroidnm
947 3120 1104 3223 epistolas
1126 3122 1311 3226 plurimas;
1342 3129 1388 3203 de·

302 3244 485 3321 Amoribus
502 3241 544 3314 ad
563 3239 747 3314 Corinnam
766 3238 873 3312 libros
894 3240 936 3325 V,
954 3267 1040 3338 quos
1057 3256 1171 3340 postea
1190 3240 1387 3339 diligentius

302 3362 493 3459 recognitos
509 3360 544 3431 in
563 3376 630 3431 tres
650 3356 797 3453 redegit,
816 3354 972 3457 quodsic
989 3358 1060 3458 ipse
1082 3359 1148 3433 iul
1163 3362 1356 3438 corumdem
1375 3397 1383 3437 :

466 3516 523 3584 Qui
535 3514 616 3567 modo
628 3514 739 3569 Nasonis
752 3513 888 3567 fueramus
899 3513 1017 3582 quinque
1028 3514 1126 3581 libelli,

499 3608 566 3661 Tres
578 3627 669 3661 sumus
680 3628 685 3660 :
698 3606 748 3662 lroc
759 3606 796 3659 illi
806 3605 920 3677 pretulit
931 3615 1023 3660 auctor
1033 3626 1107 3677 opus.

282 3746 285 3759 '
302 3743 353 3813 lte
369 3738 452 3812 Arte
469 3732 631 3818 Amantli,
648 3730 758 3806 libros
775 3750 858 3819 tres3
874 3732 913 3806 de
927 3733 1092 3808 Remedio
1105 3736 1256 3824 Amoris,
1270 3734 1383 3815 libros

303 3855 388 3929 duos
408 3882 416 3941 ;
439 3850 771 3923 Transmutationum
796 3846 903 3923 libros
931 3849 1147 3950 quindecim:
1167 3882 1279 3953 quos,
1302 3855 1384 3955 quia

300 3998 370 4045 non
389 3964 636 4051 emendaverat,
655 3980 725 4037 tum
743 3963 865 4050 iratus,
882 3981 921 4036 ut
936 3965 1008 4065 ipse
1026 3966 1092 4054 ait,
1111 3967 1242 4055 studio,
1260 3969 1383 4044 carmi-

302 4085 471 4184 nibusque
485 4081 572 4169 suis,
592 4109 694 4182 quum
706 4081 836 4154 Tomos
857 4078 1077 4175 relegaretur,
1094 4112 1153 4157 sua
1169 4113 1270 4158 manu
1288 4113 1383 4159 com-

301 4203 431 4292 bussit,
449 4229 525 4274 curn
540 4197 614 4273 aliis
629 4197 831 4299 quibusdam
847 4195 1038 4299 placituris;
1050 4200 1109 4273 sed
1127 4201 1207 4303 quia
1222 4204 1384 4305 exscripti

1133 4383 1141 4423 1
