3017 5000
276 355 337 437 184
605 356 642 417 r.
671 354 849 421 ovrorr
876 353 1009 417 vrrs

272 524 374 595 quum
388 494 452 593 jam
472 510 611 596 quonian
631 492 737 569 exsilii
755 509 933 567 autumnum
945 490 1102 580 vidisset,
1119 520 1157 565 ac
1172 506 1281 593 quarto
1292 489 1351 564 fs-

273 610 390 707 tigaret
402 609 520 714 Ιιχειηε,
541 610 590 683 uti
598 610 705 683 sosius
718 609 760 683 nd
771 637 845 683 eum
857 638 982 683 annum
994 608 1199 683 docebimus.
1217 608 1351 706 Hyems

268 744 400 816 sutem,
420 727 599 829 quasillum
615 746 726 803 secuta
740 746 792 803 est
803 727 1025 829 triumphum,
1041 726 1107 799 dici
1118 721 1352 827 quonuersilii

270 842 427 919 Ouidiani
443 844 580 945 nequit,
600 843 664 919 uisi
682 846 807 918 Noster
827 870 914 915 anno
939 844 982 914 U.
1007 842 1046 915 C.
1074 858 1238 927 ucctxtt,
1256 836 1348 911 rele-

271 976 367 1053 gatus
385 960 495 1034 suerit.

320 1077 353 1167 4.
371 1076 526 1178 Denique
540 1076 605 1150 hoc
616 1076 727 1177 ipsum
736 1076 982 1159 demonstratur
990 1101 1030 1147 ex
1038 1072 1131 1146 bello
1146 1068 1352 1144 Germanico

270 1190 397 1263 cladem
413 1192 585 1265 Varianam
595 1211 728 1282 secuto,
740 1193 834 1291 cujus
845 1194 935 1265 Naso
944 1186 1205 1264 meminitTrist.
1219 1184 1280 1257 lib.
1293 1186 1352 1271 ΙΙ,

272 1338 369 1409 quern
394 1311 505 1385 statim
535 1339 572 1385 ac
601 1310 642 1383 ad
675 1309 783 1383 exsilii
807 1307 918 1381 locum
943 1323 1164 1408 pervenerat,
1189 1304 1353 1397 Augusto

269 1426 424 1526 scripsit,
449 1444 488 1501 ut
512 1426 601 1527 apud
627 1453 703 1500 eum
730 1455 789 1500 sua
813 1424 998 1498 vindicaret
1021 1423 1178 1509 cumina,
1203 1448 1356 1522 qnorum

269 1570 367 1615 causa
385 1540 570 1617 exsulabat.
598 1540 728 1615 Ibidem
746 1540 836 1615 eninr
858 1558 936 1614 vota
958 1570 1022 1643 pro
1038 1542 1104 1615 hoc
1120 1540 1271 1643 principe
1284 1538 1357 1611 Ti-

268 1659 431 1761 berioque
447 1660 613 1745 fundens,
631 1660 678 1735 ait
693 1689 777 1735 vers.
802 1658 986 1760 169·178:
1074 1721 1079 1729 .

433 1815 478 1870 Sic
489 1815 596 1869 adsueto
607 1816 659 1869 tuis
670 1834 776 1884 semper
792 1818 906 1895 littoreis
916 1815 1006 1869 castris

466 1910 541 1961 Nunc
553 1926 658 1975 quoque
669 1926 697 1960 se
709 1918 831 1976 prestet,
844 1897 960 1973 notaque
971 1906 1044 1975 signo
1057 1917 1143 1975 petru

436 1998 631 2065 Ausoniumque
643 1997 731 2049 ducem
743 1996 825 2049 solitis
835 1996 1006 2050 circumvolet
1017 1996 1080 2061 alis,

469 2089 556 2141 Ponat
567 2097 594 2139 ct
606 2086 632 2138 in
644 2084 728 2139 nitida
739 2086 827 2139 laurea
839 2096 908 2139 serto
916 2104 1012 2147 cumn

436 2178 490 2232 Per
500 2192 583 2246 quern*
592 2180 659 2231 bella
668 2163 749 2245 aeui,
768 2176 842 2246 cujus
853 2196 920 2229 nuuc
931 2194 1042 2246 corpore
1048 2196 1163 2245 μηκας,

471 2268 625 2337 Auspicium
636 2268 679 2321 cui
690 2266 735 2320 dns
747 2267 863 2337 grande,
876 2268 1000 2337 Deosque
1011 2277 1087 2332 tuos;

437 2359 609 2429 Dimidioque
621 2362 659 2412 tut
672 2377 786 2428 presens
798 2378 842 2429 es,
857 2369 884 2412 et
895 2358 1004 2428 adspicis
1016 2358 1128 2424 urbem,

468 2449 589 2504 Dimidio
597 2453 740 2517 proculus,
752 2468 872 2519 sevaque
883 2453 952 2504 betta
959 2455 1034 2518 gens.

389 2539 392 2548 ’
437 2543 491 2596 Hic
502 2541 548 2594 tibi
559 2541 595 2595 sic
606 2540 698 2595 redeat
707 2551 825 2608 superato
835 2540 919 2595 victor
929 2542 961 2595 ab
972 2545 1059 2606 hoste,
1117 2567 1120 2572 ·
1160 2534 1165 2540 ⁶

471 2633 555 2700 Inque
568 2629 699 2685 coronatis
709 2628 807 2702 suissest
821 2631 886 2686 attus
897 2632 979 2701 equis.

274 2773 361 2870 Quae
378 2771 465 2847 clare
482 2771 689 2870 significant,
707 2769 836 2851 bellum
852 2795 930 2850 tuuc
944 2779 1102 2879 temporis
1118 2779 1278 2866 saeviisse,
1296 2780 1356 2852 id-

275 2921 340 2993 que
353 2909 481 2988 gestum
497 2921 513 2964 a
528 2891 671 2978 Tiberio,
694 2923 794 2994 quem
807 2893 983 2968 Ausonium
998 2893 1103 2968 duum
1115 2913 1228 2983 vocat,
1242 2914 1277 2970 ct
1287 2924 1354 2998 per

275 3039 373 3112 quem
385 3013 558 3105 Augustus
569 3009 598 3084 ei
614 3009 736 3086 dicitur
747 3011 872 3084 dsiutiiu
883 3014 1181 3110 suiproeseusurbi‚
1191 3043 1228 3088 ac
1236 3016 1358 3114 procul

273 3155 355 3203 sunu
372 3127 453 3200 bellu
464 3155 576 3228 gerere.
599 3127 682 3225 Ejus
699 3156 818 3228 nempe
840 3125 968 3200 diuuidiu
987 3156 1063 3234 pars
1083 3147 1153 3202 erat
1166 3128 1352 3216 Tiberius,

274 3244 367 3346 quod
378 3245 479 3342 isjam
491 3245 533 3317 ab
547 3273 598 3317 on.
616 3245 658 3316 U.
674 3245 710 3318 C.
727 3261 893 3331 Dccsvtl,
910 3243 952 3316 ab
961 3246 1116 3340 Augusto
1128 3243 1237 3321 suerat
1249 3247 1354 3348 adop-

162 3393 164 3397 *
274 3378 373 3432 totus.
392 3357 490 3432 Unde
507 3360 631 3430 Noster
647 3357 798 3458 superius
817 3356 857 3430 de
871 3357 932 3431 illo
947 3388 1007 3433 ceu
1025 3359 1124 3459 hujus
1142 3357 1210 3433 filio
1228 3388 1266 3433 ac
1283 3361 1354 3434 irn-

275 3477 358 3577 perii
375 3475 493 3549 herede
512 3475 693 3560 cecinerat,
708 3503 791 3547 vers.
816 3471 883 3545 165
901 3493 934 3548 et
956 3472 1047 3548 166:

436 3623 538 3692 Sospite
549 3623 585 3676 sic
597 3633 622 3676 te
634 3623 665 3675 sit
677 3633 756 3676 uatus
766 3642 870 3692 quoque
884 3643 988 3694 sospes3
1000 3635 1027 3678 et
1039 3625 1103 3678 oiim

471 3714 618 3783 imperium
630 3724 702 3784 negot
713 3715 764 3769 hoc
775 3733 836 3768 curn
847 3715 951 3771 seniore
961 3736 1048 3770 senen

221 3907 224 3914 -
273 3856 362 3932 lllud
375 3874 485 3931 autem
500 3856 626 3932 bellurn
640 3857 676 3931 in
691 3857 877 3943 chuuuiu‚
902 3877 936 3933 et
949 3858 1084 3960 quidem
1097 3877 1177 3960 post
1191 3859 1234 3930 V
1226 3860 1278 3934 uri
1286 3859 1354 3934 cla-

170 4037 175 4056 .
274 3976 364 4062 dem,
383 3991 510 4068 gestum
528 3973 649 4088 fnisse,
667 3973 774 4075 liquet
791 4003 831 4049 er
852 3976 954 4050 Trist.
975 3977 1034 4052 lib.
1060 3979 1132 4062 ΙΙΙ,
1148 3975 1246 4073 Eleg.
1270 3997 1349 4067 ΧΠ,

274 4092 450 4192 (proximo
463 4091 639 4192 primoque
650 4118 723 4165 uere
741 4111 821 4192 post
835 4093 949 4169 Ovidii
962 4093 1198 4192 relegationem
1207 4094 1349 4196 scriptu,
