3017 5000
290 477 353 543 252
562 474 841 543 HERCULIS
865 476 1099 545 CIOFANI

387 614 493 669 Svtuo.
510 626 821 668 sternumentum.
838 630 901 669 star.
919 628 1063 670 numeras.
1081 626 1224 669 numnam.

391 707 576 761 Parrssrsvs.
595 720 733 773 asovrrnr.
750 721 880 761 umens.
898 721 952 761 ms.
971 720 1111 761 cossurus.
1129 720 1252 759 nassau.

289 832 390 906 Numi
401 829 503 919 olim,
522 859 626 933 quum
636 830 699 906 sub
709 859 800 906 mero
812 858 926 926 regum
939 831 1080 931 imperio
1093 847 1193 918 esset,
1211 830 1376 933 (quippe

289 948 386 1022 annis
401 946 521 1022 abhinc
539 945 616 1048 plus
632 946 743 1020 minus
761 945 1003 1048 quinquaginta
1021 946 1247 1044 bannojorum
1269 946 1372 1047 prin-

289 1059 401 1162 cipum
429 1060 531 1135 misto
554 1077 649 1161 paret
674 1059 842 1161 imperio,
871 1087 1015 1160 quorum
1036 1088 1126 1133 nune
1151 1060 1374 1147 Ronanus,

290 1176 426 1277 ejusque
441 1172 530 1248 lilius
542 1175 739 1249 Pnurrrus
753 1192 833 1249 suut
845 1176 1063 1277 superstites)
1077 1192 1144 1248 tam
1156 1176 1248 1263 aerei,
1267 1203 1376 1277 quam

290 1290 455 1387 argentei,
475 1307 575 1390 atque
597 1290 711 1379 aurei,
732 1318 875 1390 quorum
895 1289 1080 1365 nonnullos
1101 1289 1203 1363 hodie
1229 1289 1390 1391 reperiri,

290 1406 461 1494 videmus,
484 1404 646 1481 Sulmone
674 1405 891 1482 cudebantur.
920 1407 1020 1481 Unde
1040 1407 1151 1509 ipsum
1169 1436 1186 1480 a
1206 1407 1375 1501 regibus,

292 1526 350 1627 qui
376 1541 486 1599 astate
509 1524 564 1596 hic
589 1524 900 1613 commorabantur,
922 1552 1053 1626 semper
1069 1522 1206 1624 plurimi
1224 1550 1298 1599 esse
1318 1523 1374 1597 la-

291 1661 381 1716 ctum
421 1640 472 1715 uis
488 1668 558 1712 non
576 1640 758 1740 opinetur?
771 1642 809 1713 L.
824 1630 961 1727 Florus,
977 1637 1123 1713 debello
1139 1638 1311 1736 Mariano,
1325 1638 1376 1715 sie

293 1758 333 1833 de
352 1670 511 1831 Sulmone
526 1754 631 1830 literis
646 1753 874 1850 consignavit:
891 1755 1060 1841 «Positis,
1075 1756 1205 1856 inquit,
1218 1756 1378 1852 singulo-

294 1907 312 1940 »
327 1903 402 1947 rum
412 1870 587 1947 bominum
598 1871 665 1946 lere
674 1871 795 1974 poenis,
802 1870 983 1972 municipia
991 1868 1093 1945 ltaliae
1101 1869 1376 1972 splendidissima

296 2022 314 2054 u
331 1988 395 2063 sub
411 1987 507 2063 hasta
520 1988 693 2063 venierunt
708 2017 716 2060 :
730 1984 938 2089 Spoletium,
954 1990 1164 2076 interamna,
1182 1988 1375 2076 Praeneste,

190 2128 195 2145 ¹
297 2137 313 2171 u
329 2104 494 2180 Fluentia.
512 2108 597 2179 Nam
609 2103 821 2192 Sulmonem,
835 2120 932 2179 vetus
946 2102 1108 2205 oppidum
1125 2101 1254 2193 socium
1269 2120 1376 2205 atque

296 2252 313 2282 υ
329 2220 471 2293 amicum
489 2218 641 2318 (lacinus
663 2218 882 2318 indignum),
901 2216 1054 2306 nondum
1068 2233 1315 2318 expugnatum,
1334 2235 1377 2291 ut

298 2366 315 2399 »
332 2333 468 2409 obsides
480 2335 553 2434 jure
561 2334 641 2409 belli
655 2334 774 2425 modo,
791 2353 825 2409 et
837 2352 945 2419 morte
955 2334 1101 2411 damnati
1112 2334 1188 2409 duci
1198 2334 1374 2433 jubentur,

297 2481 315 2512 n
332 2448 379 2522 sic
396 2447 582 2523 damnatam
599 2448 764 2524 civitatem
778 2450 877 2549 jussit
893 2448 984 2551 Sylla
1002 2446 1113 2524 deleri.
1136 2483 1154 2516 »
1172 2448 1286 2551 Atque
1304 2448 1376 2524 hoe

296 2582 346 2639 est
360 2563 519 2654 sortasse,
536 2565 626 2668 quod
643 2565 803 2668 aitpoeta
822 2585 955 2655 noster,
971 2566 1073 2640 Trist.
1085 2567 1137 2655 ΙΙ,
1153 2563 1243 2654 321,
1255 2565 1375 2641 dolens

298 2711 398 2758 seres
416 2700 524 2780 gestas
539 2685 769 2756 Romanorum
784 2701 818 2756 et
836 2683 950 2783 patria
968 2711 1038 2756 nou
1055 2682 1320 2784 conscripsisse:

462 2833 524 2887 Nou
536 2831 602 2886 mihi
614 2833 752 2887 materiam
766 2832 886 2887 bellatrix
900 2833 986 2887 lionae
998 2831 1130 2903 negabat,

492 2915 600 3000 Etlpius
611 2926 651 2971 est
661 2917 750 2986 patriae
762 2915 831 2971 lacta
842 2916 942 2971 referre
955 2915 1037 2970 labor.

299 3032 483 3108 Possumus
498 3051 654 3134 praterea
672 3035 834 3135 conjicere
849 3052 980 3137 Wtam
998 3052 1155 3108 nostrum
1173 3061 1214 3108 eo
1231 3034 1377 3107 carmine

300 3147 394 3222 etiam
410 3150 594 3247 significare
607 3149 773 3239 voluisse,
790 3147 884 3251 ¹qnod
895 3169 1042 3225 recenset
1053 3152 1173 3238 Cesar,
1186 3152 1214 3237 l,
1225 3177 1296 3252 cap.
1318 3148 1376 3238 18,
1392 3219 1396 3224 .

299 3262 340 3337 de
349 3263 444 3339 Bello
455 3263 564 3355 Civili,
573 3265 634 3340 ubi
646 3265 693 3340 ita
704 3285 765 3342 est.
782 3268 951 3342 «Interim
962 3267 1082 3342 Casari
1093 3267 1282 3353 nuntiatur,
1297 3263 1377 3338 Sul·

299 3409 492 3472 monenses‚
507 3383 598 3485 quod
610 3383 773 3486 oppidum
784 3412 802 3458 a
812 3383 966 3458 Corfinio
979 3400 1107 3484 septem
1119 3378 1261 3456 millium
1273 3379 1377 3453 inter-

299 3495 385 3570 vallo
410 3499 524 3586 abest,
543 3526 664 3601 cupere
681 3525 718 3573 ea
733 3497 859 3588 sacere,
880 3526 953 3599 quae
974 3494 1076 3579 vellet
1100 3527 1108 3569 :
1126 3495 1221 3603 secla
1238 3494 1282 3590 Q.
1300 3495 1378 3569 Im·

301 3611 403 3684 cretio
417 3630 568 3686 senatore
585 3629 618 3685 et
630 3611 726 3686 Attio
742 3611 932 3714 prohiberi,
953 3610 1012 3713 qui
1024 3609 1060 3684 id
1072 3608 1237 3712 oppidum
1251 3625 1379 3710 septem

303 3728 490 3802 cohortium
498 3729 654 3831 prasidio
665 3731 833 3806 tenebant.
850 3729 959 3804 Mittit
974 3757 1015 3803 eo
1031 3729 1081 3802 M.
1097 3727 1286 3801 Antonium
1303 3753 1380 3800 cunr

301 3840 445 3939 legionis
461 3861 584 3918 octavae
600 3844 798 3921 cohortibus
822 3843 972 3945 quinque
988 3871 997 3930 ;
1024 3840 1261 3916 Sulmonenses
1278 3837 1381 3916 simul

301 3975 402 4059 atque
419 3975 533 4032 nostra
551 3959 645 4054 signa
661 3958 840 4045 viderunt,
866 3973 981 4058 portas
996 3971 1199 4058 aperuerunt
1220 3985 1230 4028 ε
1247 3955 1380 4030 unium·

303 4077 397 4178 sique
415 4095 448 4152 et
464 4075 625 4179 oppidani
653 4097 686 4152 et
710 4075 832 4151 milites
851 4075 984 4149 obviam
1008 4072 1212 4170 gratulantes
1228 4072 1378 4148 Antonio

303 4193 462 4270 exierunt.
475 4191 650 4269 Lucretius
659 4210 693 4267 et
704 4193 819 4268 Attius
828 4191 973 4267 demuro
983 4218 1020 4265 se
1029 4189 1226 4288 dejecerunt.
1238 4189 1380 4287 »Quare
