3017 5000
330 478 395 544 302
663 478 1068 546 DEDICATIONES

330 616 486 690 bitu'ranr.
512 617 599 714 Quis
624 619 711 692 enim
740 647 811 692 non
837 619 928 692 ridet
947 618 1203 720 procliviorem,
1230 621 1407 719 minusque

331 735 606 810 animadversioni
617 736 753 810 obvium
762 764 834 811 esse
843 737 966 811 erroris
975 765 1012 810 ac
1023 735 1267 837 depravationis
1278 735 1407 838 lapsum

331 849 365 924 in
383 850 534 923 oratione
551 850 675 939 soluta,
693 879 791 953 quam
805 868 894 926 certa
910 851 1033 953 pedum
1048 875 1200 924 mensura
1220 851 1409 926 adstricta?

332 965 400 1040 sive
426 965 539 1069 lapsus
563 967 618 1043 ille
639 969 772 1071 quidem
795 968 1004 1064 ingeniorum
1021 965 1147 1040 accidat
1162 965 1408 1054 imbecillitate,

332 1085 401 1159 sire
417 1083 627 1160 librariorum
645 1087 788 1174 incuria,
805 1086 872 1160 sire
886 1070 950 1159 alia
963 1112 1169 1185 quacumque
1183 1083 1308 1185 culpa?
1325 1086 1411 1158 Con-

330 1219 380 1274 tra
402 1229 480 1274 vero
503 1201 599 1276 metri
622 1219 711 1276 certa
741 1219 775 1276 et
796 1220 910 1276 exacta
934 1201 1021 1274 ratio
1037 1227 1104 1273 non
1121 1201 1169 1274 ita
1185 1200 1278 1273 sarile
1294 1193 1407 1274 locum

328 1317 412 1391 vitio
431 1318 608 1421 relinquit,
627 1337 685 1394 aut
702 1318 899 1420 corruptelae
912 1317 980 1390 sire
997 1343 1129 1403 vocum,
1144 1316 1218 1390 sive
1228 1317 1409 1390 sententia-

329 1463 414 1508 rurn.
431 1437 510 1509 Hac
522 1463 626 1537 qnurn
635 1437 682 1509 ita
691 1435 769 1520 sint,
782 1432 882 1530 dig'na
895 1451 983 1507 certe
989 1432 1203 1506 admiratione
1212 1450 1263 1505 est
1273 1431 1410 1506 illorum

332 1549 530 1650 prudentia,
546 1550 607 1650 qui
621 1551 684 1648 (nt
699 1550 798 1622 initio
812 1548 905 1648 dixi)
921 1546 1146 1650 philosophiae
1158 1570 1275 1620 arcana
1287 1547 1413 1622 sabulis

264 1659 268 1665 ’
330 1667 562 1755 involverunt,
581 1667 778 1768 fabulasque
801 1669 893 1768 ipsas
907 1665 1059 1740 versibus
1075 1665 1410 1767 comprehenderunt.

298 1809 301 1818 ’
331 1786 410 1882 Qua
434 1785 469 1858 in
493 1815 552 1872 rc,
580 1803 700 1888 praeter
725 1777 981 1860 commoditates
1004 1785 1165 1858 hactenus
1188 1802 1411 1870 memoratas,

328 1899 460 1974 illarum
491 1919 644 1977 auctores
667 1903 765 1974 etiam
780 1899 960 1974 utilitatem
986 1897 1037 1972 vel
1064 1899 1204 1972 maxime
1227 1901 1411 1976 attendisse

329 2017 414 2092 milri
429 2017 603 2103 videntur,
622 2043 695 2117 qua
712 2016 791 2090 inde
804 2015 1012 2090 redundabat
1028 2014 1069 2088 ad
1085 2013 1281 2088 discentium
1303 2043 1412 2111 geum

330 2134 532 2208 universum.
563 2133 679 2230 Quum
698 2133 807 2218 enim,
827 2131 863 2203 in
889 2147 981 2203 tanta
1001 2129 1210 2225 ingeniorum
1228 2131 1411 2216 varietate,

329 2240 508 2324 admodum
525 2247 752 2350 illos²quidem
769 2247 955 2346 discrepare
976 2229 1289 2332 animadvertendi,
1309 2273 1411 2321 exco-

330 2367 432 2462 gitata
456 2364 519 2440 lrac
538 2360 675 2438 docendi
697 2352 848 2451 ratione,
865 2362 1067 2437 studuerunt
1091 2360 1192 2436 veluti
1220 2362 1321 2453 cibo,
1339 2393 1411 2439 uno

315 2479 388 2557 'itta
406 2480 540 2583 quidem
551 2538 561 2569 ,
574 2479 632 2555 sed
645 2479 783 2555 dirersis
793 2477 914 2554 affecto
930 2479 1128 2581 saporibus,
1144 2480 1293 2554 omnium
1308 2481 1412 2557 simul

328 2596 439 2699 palato
459 2595 656 2670 satisfacere.
673 2598 719 2668 Et
729 2622 823 2682 sane,
843 2593 930 2668 sicut
943 2591 1188 2669 esculentorum
1199 2596 1412 2695 saporealios

329 2714 395 2787 alio
412 2714 543 2813 capitur
570 2729 668 2812 atque
693 2710 840 2810 jucunda
863 2728 1052 2784 recreatur:
1070 2710 1117 2782 ita
1130 2711 1359 2806 ingeniorum,
1381 2714 1411 2788 si

329 2855 396 2931 qua
413 2827 587 2902 obtusiora
605 2826 743 2901 suntad
763 2828 993 2930 perspicienda
1016 2845 1142 2901 natura
1167 2846 1309 2917 secreta,
1333 2859 1411 2906 ver—

328 2972 426 3019 suum
440 2961 473 3018 et
489 2942 676 3017 fabularum
691 2942 875 3018 involucris
892 2942 1061 3031 abstrusa,
1081 2945 1146 3018 boc
1164 2944 1280 3021 saltem
1294 2948 1410 3024 erbis

328 3062 493 3135 commodi
511 3061 683 3149 auser'nnt,
702 3080 741 3135 ut
758 3060 917 3135 historias
935 3060 1087 3162 ipsorum
1103 3079 1318 3162 poematum,
1340 3092 1410 3140 nna

329 3206 403 3251 cum
421 3178 602 3251 carminum
618 3176 781 3274 elegantia
798 3195 832 3251 et
847 3176 1090 3252 modulationis
1112 3177 1272 3252 suavitate
1294 3181 1410 3281 perci-

327 3293 445 3395 piant:
464 3318 632 3395 quaavero
649 3322 689 3369 er
703 3295 745 3369 iis
761 3292 865 3395 paulo
879 3313 959 3368 sunt
975 3293 1142 3382 acutiora,
1157 3294 1255 3368 etiam
1269 3319 1409 3371 sensnm

329 3409 465 3485 illorum
482 3410 639 3485 moralem
652 3411 880 3513 adsequantur
895 3442 904 3485 :
919 3437 993 3513 qua
1005 3410 1148 3511 denique
1158 3411 1312 3512 utrisque
1326 3430 1411 3485 sunt

330 3528 521 3602 excitatiora
537 3545 572 3603 et
588 3529 778 3626 sagaciora,
795 3547 917 3631 prater
942 3528 1089 3603 historia
1106 3530 1355 3625 cognitionem,
1374 3548 1409 3604 et

328 3671 459 3719 morum
477 3646 681 3735 doctrinam,
699 3642 734 3719 in
749 3664 875 3721 naturae
891 3641 1152 3735 obscuritatem,
1171 3664 1203 3719 et
1217 3645 1409 3744 astrologia

328 3786 366 3833 ac
384 3760 566 3857 theologia
582 3762 680 3865 adyta
701 3780 892 3864 penetrent*
916 3767 966 3837 lta
987 3791 1057 3837 uon
1079 3763 1181 3837 modo
1202 3762 1406 3837 amenitatis

329 3875 506 3952 oblectatio
512 3880 595 3953 inde
608 3881 651 3955 ad
663 3880 832 3981 sapientia
845 3880 1016 3955 studiosos
1028 3880 1151 3981 passim
1164 3879 1407 3981 promanabat,

328 3995 386 4069 sed
404 3996 500 4070 etiam
517 4001 730 4073 maximarum
745 3999 928 4073 utilitatum
946 3998 1137 4099 perceptio,
1153 3996 1279 4100 quibus
1291 4023 1406 4074 recen-

325 4110 539 4215 sendisprius
552 4134 683 4217 tempus
697 4143 797 4217 qnam
806 4108 916 4190 oratio
923 4138 986 4190 nos
994 4111 1161 4189 defecerit.
1173 4116 1403 4213 Quamobrem

326 4229 404 4304 licet
420 4228 608 4305 fabularum
626 4228 765 4305 istarum
782 4230 974 4308 velamentis
992 4230 1157 4307 occultata
1173 4231 1317 4332 speciem
1334 4256 1403 4333 prta
