3017 5000
310 493 356 558 80
588 491 626 558 P.
660 491 848 559 OVIDII
874 487 1113 559 NASONIS

311 617 442 704 Habuit
457 657 577 705 uxores
602 646 694 722 nes,
715 661 856 734 quarum
874 632 956 707 duas
972 630 1176 733 repudiavit3
1204 659 1279 705 cum
1297 633 1404 708 tertia

310 777 390 822 vero
407 747 678 846 conjunctissime
699 766 733 822 el
749 748 973 824 amantissime
989 749 1099 823 vixit:
1121 748 1201 852 item
1224 749 1342 839 filiam,
1362 768 1404 825 et

309 863 394 938 alios
419 863 568 948 liberos;
597 864 656 938 sed
682 893 721 939 ex
746 863 815 938 filia
838 884 872 940 et
895 894 977 942 avus
1001 867 1109 942 sactus
1131 886 1191 944 est.
1225 869 1339 968 Quare
1360 871 1403 942 in

309 995 430 1080 quarto
450 978 491 1052 de
508 978 612 1054 Trist.
631 979 697 1067 ait,
717 979 813 1076 Eleg.
829 1001 879 1055 x:

476 1127 556 1182 Pane
569 1125 635 1179 milri
646 1146 731 1197 puero
741 1146 792 1182 nec
804 1127 900 1197 digna,
914 1147 964 1184 uec
975 1128 1046 1185 utilis
1056 1150 1122 1185 uxor

508 1219 557 1272 Est
569 1217 643 1284 data,
655 1236 715 1290 que
726 1229 832 1291 tempus
845 1222 973 1292 perbreve
985 1233 1069 1293 nupta
1080 1221 1139 1278 suil-
1201 1293 1205 1301 ¹

478 1309 519 1365 lili
532 1309 668 1376 successit,
681 1311 801 1380 quamvis
811 1313 869 1366 siue
881 1313 995 1367 crimine
1006 1353 1014 1381 ,
1026 1315 1124 1384 conjux

508 1401 571 1455 Non
583 1412 674 1455 lamen
686 1401 715 1454 in
727 1414 819 1456 nostro
830 1403 908 1457 firma
920 1405 1011 1458 sutura
1023 1416 1090 1459 loro.

472 1492 590 1556 Ultima,
604 1512 663 1563 que
677 1513 784 1548 meeum
795 1513 866 1548 seros
877 1496 1023 1565 permansit
1034 1497 1063 1550 iu
1074 1514 1172 1564 anuos,

507 1581 748 1654 Sustinuit‘conjux
759 1583 853 1639 exsulis
862 1604 919 1638 esse
933 1586 991 1638 viri.

475 1673 542 1726 Filia
554 1693 598 1727 me
612 1693 671 1727 mea
684 1673 722 1727 bis
735 1674 820 1743 prima
832 1673 946 1729 secunda
958 1676 1083 1742 iuventa,

511 1762 566 1818 Sed
579 1783 635 1816 non
648 1782 679 1816 er
691 1782 747 1817 uno
759 1765 873 1836 conjuge
884 1764 946 1818 lecit
957 1783 1045 1818 avum.
1086 1814 1088 1817 .

308 1897 349 1968 In
366 1893 476 1995 primo
492 1909 605 1965 aulem
621 1887 712 1964 libro
730 1889 772 1964 de
787 1891 890 1965 Trist.
909 1889 1004 1988 Eleg.
1023 1909 1067 1965 111
1085 1892 1151 1967 sic:

473 2038 549 2107 Stpe
561 2036 656 2091 eadem
669 2036 795 2091 mandata
804 2037 867 2091 dedi
878 2059 886 2102 ;
898 2057 994 2109 meque
1005 2039 1061 2108 ipse
1069 2039 1171 2108 fefelli,

507 2129 660 2200 Respiciens
670 2128 751 2184 oculis
763 2129 873 2200 pignora
884 2149 944 2186 cere
955 2130 1040 2195 mein

308 2270 342 2328 ct
358 2252 394 2325 in
413 2249 513 2324 tertio
530 2247 623 2346 Eleg.
644 2267 703 2336 nl,
722 2247 795 2324 sic:

475 2396 569 2465 thue
580 2395 613 2448 sit
624 2395 748 2464 exiguum
761 2412 861 2465 poue,
875 2393 946 2463 quod
960 2395 1072 2464 conjuge
1084 2413 1156 2460 cara,

475 2485 558 2555 Quod
570 2504 648 2541 careo
659 2485 760 2555 patria,
771 2485 977 2557 pignoribusque
989 2484 1063 2539 meis

301 2620 426 2716 Quum
444 2634 554 2689 autem
571 2615 763 2709 Augustum
778 2614 940 2689 Cesarem
956 2613 1193 2716 imprudenter,
1204 2614 1393 2707 etinscius‚

308 2749 347 2806 ut
364 2731 437 2832 ipse
452 2730 518 2817 ait,
542 2727 754 2813 offendisset,
772 2726 815 2801 ad
829 2729 984 2803 Euxinos
1000 2728 1042 2803 ab
1061 2755 1101 2803 eo
1124 2726 1290 2826 relegatus
1314 2748 1393 2819 est,

306 2873 414 2921 annos
428 2861 527 2918 natus
544 2862 583 2931 L;
606 2870 707 2944 quare
723 2842 770 2915 eil
787 2842 823 2915 in
838 2842 942 2915 Trist.
960 2840 1019 2915 lib.
1033 2844 1093 2931 lv,
1110 2840 1206 2959 Elep.
1224 2864 1270 2917 x:

470 2992 586 3059 Postque
597 3009 672 3045 meos
684 2999 759 3043 ortus
769 2988 853 3043 Pisoea
862 2988 967 3043 vinctus
977 2989 1045 3043 oliva

503 3081 655 3137 Abstulerat
666 3080 753 3135 decies
765 3079 874 3150 prumia
885 3080 969 3134 victor
979 3100 1075 3150 eques:

471 3174 568 3245 Quum
581 3173 661 3227 maris
674 3172 771 3225 Euxini
783 3171 882 3242 positos
894 3170 926 3225 ad
939 3170 1002 3226 lava
1014 3169 1134 3227 Tomilas

503 3263 633 3333 Qussrere
646 3282 689 3316 me
703 3262 757 3316 icosi
768 3262 893 3331 principis
904 3261 943 3315 ira
954 3261 1037 3330 jubet.

303 3382 474 3458 Describit
497 3397 608 3455 autem
635 3379 817 3453 discessum
835 3405 934 3451 suum
953 3405 992 3453 ex
1007 3378 1111 3467 urbe,
1139 3396 1173 3452 et
1193 3378 1330 3476 uxoris,
1348 3397 1391 3454 et

304 3517 498 3575 ceterorum
522 3525 660 3572 suorum
683 3492 868 3595 lacrymas,
897 3494 1080 3595 duramque
1105 3512 1137 3568 et
1162 3492 1388 3597 periculosam

302 3614 548 3710 navigationem
567 3640 662 3686 suam
680 3610 791 3711 primo
808 3608 850 3682 de
874 3611 975 3683 Trist.
995 3607 1097 3706 longa
1117 3609 1281 3712 epistola,
1308 3638 1387 3712 quae

302 3732 422 3834 incipit
435 3762 444 3805 ε

472 3851 566 3921 Quum
577 3850 648 3905 subit
658 3848 726 3903 illius
738 3848 885 3904 tristissima
896 3847 980 3901 noctis
992 3846 1094 3917 imago,
1104 3856 1154 3901 etc.

303 3972 464 4046 Praeterea
482 3967 590 4069 primo
605 3966 645 4040 de
658 3968 772 4039 Ponto
786 3966 822 4039 in
835 3964 931 4068 epist.
950 3962 992 4038 ad
1006 3963 1186 4053 Rufinum,
1206 3994 1246 4040 eo
1260 3966 1295 4041 in
1306 3965 1387 4043 loco

303 4123 339 4170 se
356 4091 521 4180 exsulare,
538 4090 599 4163 ubi
617 4114 746 4189 semper
759 4090 899 4163 maxima
910 4086 1023 4161 forent
1033 4086 1176 4186 frigora,
1187 4118 1386 4194 summaque

303 4218 419 4319 inopia
435 4214 604 4291 bonorum
621 4211 787 4303 omnium,
805 4210 859 4286 his
875 4211 1029 4314 queritur
1043 4212 1218 4289 versibus:
