3017 5000
271 457 312 542 42
556 461 595 526 Ρ.
631 460 1064 532 0v1n11nasours

271 602 384 699 thue
401 626 517 699 parum
534 595 647 674 stabili
665 600 726 701 qui
743 601 888 677 carmine
904 601 988 678 lesit
1002 605 1171 692 Athenas,
1294 604 1347 684 5253

319 713 451 788 Invisus
466 741 580 814 pereas
598 713 772 789 deficiente
788 715 892 791 cibo:

270 835 358 904 Utve
376 830 453 932 lyrae
468 849 557 906 vates
574 831 681 906 fertur
697 832 838 933 periisse
853 861 993 924 severa,

320 951 426 1024 Causa
443 949 488 1023 sit
503 950 595 1024 exitii
613 949 746 1040 dextera
763 949 838 1024 lasa
856 951 929 1024 tui:

269 1065 383 1164 thue
400 1065 667 1161 Agamemnonio
684 1063 805 1138 vulnus
825 1064 918 1139 dedit
934 1067 1052 1161 anguis
1069 1068 1219 1156 Oresta,

317 1181 372 1253 Tu
390 1208 525 1283 quoque
543 1181 584 1255 de
601 1209 716 1256 morsu
732 1179 823 1254 rima
838 1183 984 1258 habente
1000 1184 1107 1260 cadas.

1295 1206 1349 1260 530

268 1297 321 1371 sit
339 1299 402 1372 tibi
419 1299 565 1398 conjugii
579 1328 645 1374 nox
664 1300 771 1400 prima
789 1299 968 1375 novissima
987 1302 1080 1391 vite3

318 1415 460 1518 Eupolis
479 1416 543 1490 hoc
560 1415 678 1516 periit,
695 1434 729 1490 et
745 1443 831 1490 nora
843 1433 968 1518 nupta,
985 1418 1095 1492 modo.

270 1535 384 1634 thue
402 1532 639 1607 cothurnatum
657 1529 1054 1635 cecidisse-Lycophrona
1068 1552 1227 1620 narrant,

318 1649 449 1722 llaereot
462 1649 498 1721 in
515 1647 610 1722 fibris
626 1647 690 1722 fixa
708 1649 829 1745 sagitta
847 1648 924 1723 tuis.

268 1761 340 1835 Aut
355 1759 442 1835 lacer
459 1763 494 1835 in
511 1760 591 1836 silva
606 1762 762 1838 manibus
776 1792 933 1864 spargare
951 1781 1105 1850 tuorum,
1295 1783 1350 1834 5³5

318 1875 461 1976 Sparsus
477 1893 516 1949 ut
532 1895 583 1952 est
598 1876 726 1950 Thebis
743 1905 851 1973 angue
866 1895 995 1951 creatus
1011 1907 1082 1952 avo.

267 2037 444 2094 verecundam
458 2061 487 2094 ac
499 2041 621 2110 pudicam
638 2043 780 2096 lectionem
827 2043 890 2112 lym
901 2052 982 2094 eous.
1001 2041 1044 2093 De
1054 2039 1207 2094 stesichoro
1218 2037 1287 2092 lorte
1299 2039 1349 2091 lo-

268 2118 470 2172 arbitrabantur.
479 2117 522 2171 De
533 2131 619 2174 morte
630 2119 780 2174 Archilochi

269 2206 373 2261 autem,
391 2206 419 2249 et
438 2196 470 2250 de
490 2196 610 2250 Calonda
628 2215 780 2266 percussore

270 2274 327 2341 ejus
341 2273 421 2326 tradit
433 2272 537 2330 Suidas.

303 2355 360 2406 525.
377 2356 557 2424 [sequentum
570 2359 663 2409 statur·
670 2367 719 2410 etc.
731 2355 782 2409 Al-

269 2435 367 2502 ciatus,
381 2436 489 2507 Parerg.
502 2437 545 2490 lib.
561 2437 603 2504 V,
616 2455 672 2507 cap.
690 2439 736 2503 rt,
754 2447 782 2488 et

271 2514 390 2566 Turneb.
403 2514 512 2569 Advers.
530 2515 573 2570 lib.
589 2517 647 2583 lx,
666 2535 721 2585 cap.
734 2520 780 2581 25,

270 2591 385 2642 Athenin
397 2588 539 2659 legendum
550 2592 690 2659 adserunt,
709 2592 783 2645 etde

273 2666 439 2735 Hipponacte
453 2668 671 2740 intelligendum:
682 2668 784 2722 «Vide-

271 2756 316 2797 tur
327 2746 418 2813 enim,
435 2752 487 2810 alt,
510 2746 542 2801 de
558 2748 724 2818 Hipponacte
739 2747 785 2800 ia·

271 2824 372 2894 telligi,
395 2826 439 2894 qui
460 2824 621 2882 claudicante
643 2840 670 2882 et
689 2846 784 2897 parum

271 2902 356 2955 stabili
368 2922 466 2970 versu,
489 2903 516 2957 id
532 2915 592 2973 est,
614 2906 741 2960 Scatonte
755 2907 783 2959 in

272 2981 404 3053 Bupalum
425 2994 452 3036 et
471 2983 589 3038 Athenin
608 2984 727 3039 invectus
745 2998 786 3039 est

273 3061 468 3115 Athenienses:
484 3080 536 3131 quo
552 3063 579 3115 in
599 3064 733 3130 carmine,
749 3081 785 3116 ne

274 3141 387 3194 Athenis
398 3141 506 3210 quidem
525 3153 694 3211 pepercerat,
708 3153 757 3196 etc.
771 3163 785 3188 a

274 3218 414 3273 Sacrana.

307 3302 365 3370 ⁵²7·
386 3302 469 3369 thue
479 3304 540 3373 Iyrae
552 3312 633 3357 vates.
651 3300 785 3363 Alcaeum,

273 3388 378 3445 poetam
389 3377 502 3449 lyricum
513 3380 645 3449 intelligo,
656 3379 701 3449 qui
712 3398 788 3431 mor-

274 3454 415 3511 dacissimis
434 3458 550 3512 versibus
564 3458 697 3511 Pittacum
717 3476 787 3527 prae·

273 3536 366 3604 cipue,
385 3536 546 3608 Myrsilum,
567 3536 787 3609 Megalagyrum,

276 3610 472 3678 Cleanactidas,
488 3614 602 3682 aliosque
614 3612 787 3685 tyrannidem

273 3690 302 3742 io
315 3690 398 3757 patria
408 3702 572 3756 exercentes,
581 3692 725 3745 insectatus
734 3702 786 3757 est,

157 3758 160 3767 λ
275 3776 341 3822 testo
352 3768 494 3834 Strabone,
503 3768 547 3822 lib.
557 3769 645 3834 xnt,
658 3788 715 3839 pag.
725 3770 788 3836 424,

276 3843 338 3898 edit.
348 3844 460 3899 Casaub.
470 3844 788 3913 llorat.lib.lV,0d.1x,

274 3942 340 3977 vers.
354 3944 375 3993 7.
388 3923 441 3977 Per
451 3928 536 3976 lusam
548 3928 675 3991 dextram,
690 3921 774 3977 fidem
781 3962 789 3987 ,

274 4020 354 4071 qnam
373 4002 476 4057 Pittaco
495 4003 671 4057 verisimiliter
687 4001 789 4057 Alcaeus

276 4081 475 4147 obstrinxerat,
499 4080 623 4135 violatam
649 4082 789 4151 intelligat

276 4180 339 4213 nam
350 4162 379 4214 in
390 4160 443 4213 lide
455 4159 657 4229 adstringenda,
671 4160 791 4214 dexteras

832 2122 935 2190 quitur,
956 2121 990 2174 dc
1003 2139 1057 2191 qno
1069 2120 1214 2186 Horatios,
1235 2117 1280 2171 lib.
1292 2117 1347 2182 lV,

830 2191 1350 2267 011.ιη’νιδβΙηίιᾰοηῇιεμακηα·

830 2298 925 2334 meae.
939 2279 1073 2334 Credibile
1089 2280 1163 2332 enim
1181 2287 1221 2331 est
1239 2286 1350 2346 poetam

829 2359 950 2427 junxisse
959 2369 1012 2411 tres
1020 2355 1220 2426 iamhographos
1229 2353 1351 2407 eosdem·

831 2455 883 2507 que
895 2436 1052 2490 maledicos:
1068 2432 1269 2497 Archilochum,
1279 2431 1350 2502 Hip·

830 2527 973 2585 ponactem
984 2526 1011 2567 et
1021 2512 1212 2568 Stesichorum.
1225 2512 1332 2565 Saac‘r.

866 2598 922 2665 Sep
937 2596 1020 2661 thue
1031 2594 1233 2659 Agamemnonio
1246 2592 1352 2642 wlaas.

834 2671 961 2737 Orestes,
977 2681 1008 2724 ut
1019 2670 1073 2738 jam
1087 2668 1212 2722 omnihus
1229 2677 1352 2734 constat,

832 2750 972 2804 interfecta
983 2759 1083 2813 matre,
1100 2746 1192 2799 sorore
1209 2755 1352 2815 correptus

831 2826 901 2891 fnit3
912 2826 975 2880 inde
991 2826 1132 2891 liberatus,
1141 2842 1224 2894 quum
1233 2842 1282 2893 per
1293 2823 1355 2897 syl·-

835 2926 894 2959 vam
905 2908 971 2973 iret,
984 2924 998 2958 a
1010 2914 1133 2973 serpente
1146 2902 1245 2956 occisus
1258 2912 1304 2955 est.
1316 2902 1352 2956 Z.

833 2986 965 3037 -Orcstrl
981 2984 1077 3035 Oreste
1093 2999 1155 3034 curn
1173 2998 1229 3033 uno
1248 2977 1352 3033 Medic.

834 3062 887 3117 diri
900 3060 982 3132 Epist.
996 3061 1083 3125 Vlll,
1096 3077 1167 3130 vso

869 3144 925 3196 531.
938 3144 978 3196 Sit
990 3144 1045 3195 lr'br'.
1062 3140 1186 3210 Eupolis,
1200 3140 1298 3194 veteris
1306 3159 1353 3193 co·

835 3216 1355 3288 moediaescriptorapudGraecos,ducta

834 3313 916 3351 uxore
926 3296 1066 3369 Glyceria,
1081 3296 1166 3366 prima
1181 3304 1261 3349 nocte
1274 3313 1356 3347 rnor-

835 3384 897 3428 tuus
905 3374 1031 3449 irrentus
1039 3384 1078 3426 est
1086 3390 1140 3425 una
1148 3390 1211 3425 cum
1221 3371 1317 3442 puella.

871 3454 926 3508 533.
933 3456 1051 3507 Pen'e'sse.
1057 3455 1186 3509 occidisse
1191 3470 1224 3503 ex
1231 3452 1354 3521 scriptis;

836 3552 900 3586 nam
906 3537 986 3599 penit
994 3540 1166 3600 precesserat
1175 3530 1278 3584 llatae.

871 3612 927 3679 534.
934 3614 1107 3682 Lycophrona.
1115 3610 1298 3679 Hicquumde
1306 3630 1358 3663 an·

837 3692 973 3761 tiquorum
984 3702 1123 3759 poetarum
1131 3689 1281 3758 principatu
1292 3708 1359 3742 cer-

838 3779 920 3836 taret,
932 3770 1024 3838 sagitta
1032 3769 1065 3821 ab
1078 3768 1227 3823 adversario
1236 3766 1303 3822 ictus
1310 3788 1358 3823 oc·

837 3846 915 3913 cidit,
929 3857 959 3900 nt
971 3846 1014 3901 hic
1024 3847 1061 3901 ait
1071 3846 1154 3902 Ovid.

872 3927 928 3981 535.
945 3928 1002 3977 Aa!
1017 3928 1093 3977 lacer.
1111 3923 1263 3990 Pentheus,
1276 3924 1358 3977 alo-

838 4015 915 4059 rente
933 4015 1018 4058 matre
1038 4004 1199 4073 discerptus,
1220 4022 1323 4057 nomen
1340 4024 1358 4058 a

838 4084 911 4137 luctu
921 4093 960 4138 cst
971 4084 1085 4136 sortitus.
1095 4082 1173 4134 Dour.

872 4160 928 4214 536.
940 4161 1093 4229 Δοοαιιμε.
1102 4157 1237 4213 Cadmum
1247 4156 1313 4214 dicit
1322 4159 1355 4213 in

275 4240 386 4310 jungere
398 4240 525 4295 colebant.
536 4240 656 4297 sarrae.
667 4266 700 4280 -
711 4240 793 4308 thue
839 4257 953 4309 anguem
966 4256 1078 4293 versum.
1090 4238 1158 4290 Zaa.
