3017 5000
383 565 457 630 -ΕΤ
480 561 861 631 PRAEFATIONES.
1094 565 1159 629 325

108 705 349 804 llajares-etiam
366 703 625 805 solumpoetam
647 703 759 805 ipsum
780 705 962 805 sapientem
978 729 1050 777 esse
1067 701 1162 778 adse·
1243 790 1248 798 ι

106 849 254 906 memnt..
269 889 276 904 .
293 831 399 926 Perge
409 830 531 926 igitur,
548 847 587 902 ut
599 827 748 932 coepisti,
769 845 818 915 et,
831 845 874 902 ut
888 827 988 913 lacis,
1008 826 1050 901 ad
1065 855 1162 900 man-

107 957 376 1059 suetiorsspoetas
385 954 552 1029 interdum
562 954 678 1029 redeas
693 984 702 1027 e
718 953 776 1028 sed
788 953 824 1029 iu
835 953 1011 1054 praesentia
1021 953 1064 1027 ad
1076 952 1161 1027 ovi-

105 1075 182 1154 dium
202 1081 243 1155 de
263 1065 454 1166 Tristibus,
471 1078 667 1180 quodopus
684 1076 962 1172 elegantissimum
980 1074 1162 1151 subsecivis

107 1204 305 1306 temporibus,
317 1222 351 1278 te
358 1204 523 1291 hortante,
533 1187 742 1304 interpretati
752 1231 877 1276 sumus.
892 1202 1041 1276 Labores
1050 1217 1161 1275 autem

105 1345 221 1402 nostros
250 1345 309 1402 tuo
332 1328 461 1402 nomini
485 1355 584 1429 quam
609 1326 828 1401 libentissime
852 1326 1017 1414 dicamus,
1036 1343 1076 1399 ut
1092 1325 1162 1399 dia·

105 1448 217 1526 leetices
241 1449 380 1528 salebris
398 1470 429 1526 et
446 1451 605 1552 adspectu
628 1441 769 1526 horrido
790 1451 973 1546 fatigatus,
1003 1448 1161 1550 quenmd-

105 1574 220 1649 modum
238 1573 293 1648 alii
311 1575 353 1649 ad
370 1574 472 1678 pilam
487 1603 538 1662 se,
565 1595 624 1650 aut
644 1574 685 1648 ad
704 1573 868 1662 calculos,
888 1590 946 1648 aut
963 1573 1005 1647 ad
1022 1591 1162 1649 tesseras
1289 1603 1292 1611 ·

43 1719 45 1736 ·
106 1697 282 1786 conlemnt;
300 1700 422 1788 sicto,
440 1717 597 1796 tauquam
614 1698 767 1785 feriatus,
788 1697 832 1772 ad
848 1727 978 1774 carmen
998 1697 1162 1802 poetaele·

106 1821 231 1916 gendum
257 1820 387 1897 lucilius
409 1823 552 1897 accedas.
578 1823 731 1898 Invenies
758 1839 795 1897 tu
818 1822 953 1924 quidem
970 1851 1056 1924 opus
1073 1823 1163 1898 varia

104 1943 331 2048 multiplicique
347 1944 504 2020 refertum
518 1944 688 2030 doctrina,
704 1943 841 2046 plenum
852 1944 1039 2020 adfectibus
1051 1963 1085 2020 et
1097 1946 1161 2020 mi·

106 2069 259 2142 serationc.

106 2453 143 2527 ll.
166 2455 407 2546 elocant,
437 2457 848 2549 SULMONENSIS,
879 2459 1158 2539 PRAEFATIO

240 2686 280 2743 nt
295 2688 327 2743 P.
346 2684 466 2741 ovum
483 2685 632 2741 ursonis
649 2684 776 2742 LIBROS
792 2686 841 2741 DE
855 2686 996 2756 Portu,

186 2876 385 2945 cusum
415 2860 669 2952 unustuo
700 2876 1046 2946 nnnrnuuusr.

148 3130 232 3147 .....
250 3078 386 3149 Acctl‘E
402 3102 459 3147 cos
477 3072 590 3148 Ovidii
608 3074 734 3164 libros,
753 3105 839 3176 qnos
861 3076 903 3149 dc
919 3077 1030 3151 Ponto
1046 3106 1065 3150 a
1084 3078 1159 3152 loco

107 3196 286 3297 adpellavit,
303 3229 322 3274 a
337 3228 390 3273 me
406 3218 553 3273 veterum
570 3199 805 3301 exemplarium
819 3229 883 3301 ope
899 3203 1109 3290 emendatos,
1128 3222 1161 3277 et

109 3320 380 3398 observationibus
395 3322 618 3397 illustratos...
630 3324 682 3396 De
694 3324 816 3399 Ouidio
827 3343 937 3398 autem
951 3326 1043 3426 ipso,
1055 3326 1161 3428 deque

110 3444 167 3542 ejus
181 3446 214 3521 in
225 3446 407 3549 pangendis
420 3448 622 3521 carminibus
635 3446 809 3534 felicitate,
829 3476 902 3549 quae
918 3449 954 3520 in
972 3477 1025 3536 eo,
1045 3468 1163 3526 natura

110 3590 202 3643 tuum
219 3571 367 3645 omnium
385 3572 539 3667 magistra
558 3570 736 3669 adjutrice,
761 3564 898 3644 mirifice
923 3569 1051 3661 eluxit,
1080 3573 1163 3675 quid

110 3685 153 3763 bic
164 3704 410 3769 commemorem
423 3694 439 3766 ?
452 3692 534 3794 quid
546 3693 586 3766 de
602 3692 777 3778 facilitate,
796 3723 861 3795 qua
877 3694 1044 3795 quidquid
1055 3695 1162 3772 dicere

112 3817 249 3904 onuvit,
279 3814 443 3905 dilucide,
470 3842 576 3917 pure,
605 3832 719 3890 ornate
748 3815 950 3917 copioseque
978 3820 1165 3917 expressit,

112 3940 293 4024 enuntiavit,
312 3955 346 4013 et
362 3968 430 4040 quo
449 3936 569 4023 voluit,
588 3938 739 4012 inllexit?
764 3939 845 4039 quid
863 3939 903 4014 dc
920 3940 1090 4041 pathetico
1107 3970 1165 4035 ge-

112 4084 191 4151 nere,
208 4062 242 4135 in
263 4092 333 4163 quo
345 4062 494 4136 omnium
506 4062 645 4135 maxime
663 4060 843 4137 excelluit?
860 4064 999 4165 quidde
1016 4066 1165 4153 crebris,

112 4182 216 4279 quibus
233 4214 315 4261 usus
328 4204 400 4273 est,
421 4183 614 4273 sententiis,
634 4214 716 4286 quas
733 4214 860 4260 summa
876 4216 953 4262 cum
971 4186 1166 4263 dexteritate

112 4320 138 4375 et
159 4304 312 4405 elegantia
337 4306 537 4409 explicavit?
555 4308 628 4382 llos
644 4336 720 4381 vero
746 4306 870 4396 libros,
887 4308 924 4381 in
941 4310 1066 4411 quibus
1081 4310 1166 4384 nilril
