3017 5000
399 477 468 544 ET
492 477 875 548 PRAEFATIONES.
1109 481 1177 548 3οι.

104 619 266 706 rationes,
285 645 379 718 quae,
394 633 514 719 prater
528 619 688 694 hactenus
697 618 843 708 adlatas,
860 619 902 694 ad
917 619 1109 695 istiusmodi
1124 621 1177 696 sa·

104 732 255 808 bularnm
279 749 465 808 commenta
487 733 615 834 primos
639 733 862 836 philosophos
885 733 1040 808 videntur
1066 734 1179 836 impu·

105 847 189 924 lisse.
201 849 403 948 luterqnas,
420 865 499 922 suut
512 848 569 948 qui
586 876 655 922 nou
666 867 867 951 postremam
879 849 983 923 luisse
990 867 1179 936 autument,

106 981 291 1065 respectum
308 962 508 1066 praestantia
527 991 564 1037 ac
583 965 769 1040 nobilitatis
794 965 1023 1054 scientiarum,
1044 993 1126 1065 quas
1144 965 1180 1038 in

105 1076 222 1174 uulgus
248 1076 368 1178 prodi,
390 1095 491 1178 atquc
511 1078 669 1152 omuibus
691 1079 863 1182 patefieri,
888 1079 982 1153 ucsas
1003 1078 1179 1181 putabant.

105 1195 217 1292 Quum
234 1193 322 1268 euim
341 1191 504 1270 occultam
532 1193 794 1297 philosophandi
816 1195 978 1270 rationem
1003 1195 1111 1270 Grmci
1136 1192 1178 1269 ab

106 1313 272 1414 AEgyptiis
285 1311 513 1414 adccpissent,
530 1313 787 1416 haudquaquam
800 1292 979 1389 valuernut
1001 1342 1053 1388 res
1075 1313 1182 1388 admi-

106 1427 227 1506 rabiles
243 1431 278 1503 iu
296 1429 417 1524 vulgus
433 1430 610 1530 prosuuum
630 1430 734 1518 crire,
754 1431 847 1532 quod
865 1430 916 1504 vel
932 1430 1000 1504 illis
1014 1460 1085 1506 nou
1103 1431 1183 1506 satis

34 1551 35 1556 ’
108 1544 272 1646 perceptis
289 1571 308 1616 a
325 1544 449 1645 pietate
465 1544 669 1620 desciturum
686 1563 774 1630 erat,
792 1542 845 1619 vel
861 1545 983 1620 mentis
1000 1544 1183 1620 hebetioris

107 1659 184 1734 vitio
202 1659 333 1736 easdem
351 1660 616 1762 depravatorum.
636 1661 929 1757 Quemadmodum
944 1661 1032 1736 euim
1049 1663 1180 1748 viuum,

109 1773 318 1875 quantumvis
337 1801 550 1870 generosum,
569 1773 662 1848 dolio
681 1775 830 1850 inlusum
852 1805 922 1850 non
942 1776 1089 1864 sincero,
1106 1804 1185 1850 coa·

108 1889 206 1964 cescit
218 1905 320 1990 atque
335 1890 584 1992 corrumpitur:
599 1891 646 1964 ita
658 1891 833 1978 doctrina,
850 1891 962 1964 auimo
975 1889 1132 1966 imbibita
1142 1891 1185 1964 ud

108 2001 350 2104 percipiendam
361 2000 452 2076 illam
460 2030 577 2103 parum
589 2001 757 2092 defecato,
765 2002 874 2076 labem
883 2003 1063 2080 contrahit.
1079 2004 1184 2101 Quod

109 2148 182 2194 saue
197 2150 262 2194 usu
276 2119 404 2198 venisse
413 2119 576 2221 apertiore
588 2119 644 2194 illa
657 2120 925 2221 atqueomuibus
940 2120 1092 2222 exposita
1102 2119 1184 2221 pbi-

109 2231 307 2336 losophindi
324 2236 474 2324 ratione,
493 2252 635 2318 testatur
652 2253 833 2320 consecuta
848 2263 921 2310 eam
936 2233 1184 2336 disciplinarum

110 2349 312 2454 depravatio,
331 2381 405 2453 qua
421 2380 580 2454 processu
609 2351 788 2453 temporis,
806 2352 953 2429 scientiis
971 2352 1131 2455 paulatim
1146 2383 1186 2429 ex

110 2465 182 2539 rudi
197 2467 232 2541 in
249 2467 367 2543 rudius
385 2467 555 2564 ingenium
581 2467 675 2569 quasi
698 2495 760 2569 per
780 2466 1064 2561 mauusdraditis,
1081 2468 1188 2567 major

110 2581 225 2657 indies
236 2584 352 2672 evasit,
362 2584 513 2685 adeoque
524 2584 662 2659 adaucta
673 2602 742 2673 est,
756 2602 794 2659 nt
802 2602 918 2659 nostra
928 2600 1023 2658 atate
1032 2584 1085 2656 vix
1097 2584 1188 2657 emb

110 2698 247 2801 aliquod
262 2730 391 2777 merum
409 2720 510 2803 atque
537 2703 699 2777 intactum
724 2702 869 2803 reperire
891 2703 994 2776 sitin
1016 2720 1186 2803 promptu.

113 2816 277 2913 Quocirca
295 2817 381 2893 hauc
398 2818 622 2895 doctrinarum
638 2817 862 2920 corruptelam
876 2820 1048 2908 evitaturi,
1065 2846 1125 2921 per
1138 2820 1186 2894 la·

111 2930 203 3007 bulas
219 2932 455 3036 philosophari
472 2950 664 3035 coeperunt,
685 2933 869 3036 harumque
885 2938 1123 3033 integumentis
1134 2966 1187 3013 sa·
1268 2995 1272 3001 -

113 3049 241 3149 pientiae
251 3052 407 3152 mysteria
419 3051 558 3127 mirilico
570 3051 711 3125 artificio
719 3052 922 3129 abdiderunt
932 3086 940 3129 ε
952 3084 1025 3155 qua
1037 3074 1188 3156 paterent

115 3184 208 3268 atque
221 3168 322 3243 obvia
339 3187 449 3243 essent
461 3168 630 3264 castigatis
645 3170 976 3267 duntaxatiugeniis,
989 3172 1189 3276 minimeque

117 3281 156 3355 ad
175 3283 411 3361 adulterandas
439 3283 513 3361 illas
533 3310 572 3358 ac
598 3288 871 3362 contaminandus
892 3289 1102 3389 comparatis.
1133 3290 1189 3364 Ad

78 3438 87 3451 ι
113 3402 367 3477 conservandam
382 3402 487 3499 igitur
503 3404 588 3479 hanc
601 3403 827 3505 philosophiae
842 3403 978 3479 illibate
994 3406 1187 3508 puritatem,

115 3518 340 3597 adhibuerunt
356 3523 453 3597 ctiam
471 3520 611 3597 alterum
635 3523 838 3609 rentedium,
858 3523 950 3623 quod
968 3522 1033 3596 illis
1050 3524 1189 3599 accessit

114 3636 155 3710 ab
170 3638 322 3713 oratioue
345 3666 540 3728 numerosa,
564 3667 601 3713 ac
619 3638 742 3740 pedum
760 3637 901 3713 vinculis
919 3637 1090 3735 adligata,
1114 3669 1188 3741 qua

117 3754 287 3855 poetarum
304 3774 357 3833 est
374 3756 520 3859 propria.
550 3755 797 3831 Existimabam
812 3754 921 3842 euim,
939 3756 1031 3857 quod
1047 3784 1099 3830 res
1114 3774 1188 3847 est,

117 3869 298 3951 doctrinam
315 3872 356 3949 de
374 3890 491 3947 natura
504 3929 515 3958 ,
528 3872 695 3973 rebusque
710 3870 870 3961 occultis,
888 3900 953 3949 una
970 3902 1044 3949 cum
1057 3903 1188 3949 morum

118 3988 241 4064 ratione
255 3990 425 4077 universa,
443 3988 594 4065 versibus
617 3988 905 4089 comprehensam,
922 4018 992 4063 uon
1014 3990 1116 4064 modo
1136 4016 1189 4063 ar-

117 4106 201 4181 ctius
224 4109 389 4183 memoriae
406 4106 545 4183 infixum
561 4106 625 4195 iri,
643 4106 701 4180 sed
719 4106 818 4181 etiam
837 4107 998 4209 temporis
1013 4106 1188 4206 injuriam,

120 4226 208 4323 quod
225 4226 336 4303 omnia
360 4242 467 4301 mutat
482 4242 583 4327 atque
600 4222 728 4311 abolet,
746 4224 859 4299 miuus
872 4224 909 4300 iu
925 4224 1016 4302 illam
1028 4225 1112 4324 juris
1128 4224 1189 4297 ha·
