3017 5000
451 475 506 542 m
530 463 715 543 ovrott
738 473 864 541 torn.
1152 475 1195 566 57

133 649 151 682 a
167 615 346 717 copbroois
358 641 490 689 carmen
501 614 642 712 legimus
658 643 762 716 saepe,
779 615 814 688 in
827 642 897 715 qno
913 629 1109 709 argomento
1123 614 1198 714 qui·

132 767 149 798 a
167 733 239 808 dem
253 733 379 808 Ovidio
392 732 563 827 grandior,
579 732 638 806 sed
649 730 761 806 verbis
772 731 919 832 apertior
931 730 1031 803 nobis
1048 729 1195 817 videtur3

132 881 149 912 n
167 865 199 920 et
211 847 303 933 caeci,
324 845 382 946 qui
400 843 492 920 illum
505 847 785 946 interpretantur,
801 845 836 918 iu
855 861 946 918 tanta
958 844 1140 945 praesertim
1156 841 1199 915 li·

132 993 148 1024 »
166 959 306 1034 brorum
325 960 422 1060 copia
440 989 448 1034 :
467 988 536 1033 non
553 959 724 1034 tamenim
744 988 805 1060 per
821 960 1043 1058 conjecturam
1059 955 1200 1045 sabula,

133 1110 149 1140 a
167 1094 205 1151 ut
217 1077 309 1178 apud
324 1074 419 1149 illurn
433 1075 626 1170 indagandae
639 1075 791 1162 fuerunt,
806 1105 906 1176 quam
920 1071 1111 1170 colligenda
1123 1072 1204 1147 adi·

131 1227 147 1258 »
165 1195 270 1268 versis
287 1193 483 1267 auctoribus
501 1193 640 1293 scriptae.
659 1225 676 1256 υ
694 1180 924 1289 Quamobrem
938 1188 1063 1263 nemini
1079 1189 1201 1262 mirum

127 1308 226 1382 rideri
243 1308 363 1397 debet,
382 1309 411 1382 si
437 1327 489 1382 tot
512 1307 683 1383 Ouidianae
705 1306 827 1382 mentis
849 1307 1047 1408 interpretes
1074 1305 1111 1377 in
1126 1301 1200 1404 ple·

126 1427 234 1528 risque
246 1426 333 1502 locis
345 1427 449 1501 veluti
460 1427 495 1499 in
509 1427 596 1501 circo
610 1427 861 1501 Andabatamm
874 1452 966 1499 more
983 1425 1199 1498 decertamus.

25 1587 27 1646 ?
126 1547 153 1618 Α
169 1573 267 1619 verso
283 1545 441 1618 nimirum
455 1541 548 1631 255,
564 1543 652 1617 unde
669 1545 762 1618 Naso
778 1541 907 1617 fabulas
927 1559 960 1616 et
975 1542 1133 1617 historias
1147 1560 1202 1616 an-

25 1727 26 1734 .
127 1659 292 1760 spicatnr,
313 1660 355 1734 ad
371 1645 501 1734 'versum
520 1657 611 1752 645,
632 1657 689 1760 qui
711 1657 819 1735 libelli
841 1676 1030 1759 postremus
1048 1645 1122 1746 est,
1142 1657 1203 1732 tri-

127 1779 212 1874 ginta
230 1807 335 1880 sopra
353 1778 512 1852 ducentas
524 1794 758 1850 memorantur.
784 1775 956 1850 Interdum
972 1805 1041 1849 uno
1057 1774 1201 1850 disticho

25 1955 26 1962 ,
128 1910 189 1968 tres
207 1895 439 1983 continentur,
457 1893 625 1968 interdum
644 1911 806 1996 quatuor,
825 1891 957 1967 utillo:

329 2075 370 2130 Ut
379 2075 432 2129 luit
444 2075 533 2130 OEtaeo
545 2075 695 2145 qnondam,
711 2095 863 2146 generoque
876 2075 1039 2143 draconum,

359 2165 546 2237 Tisamenique
560 2167 642 2236 patri,
658 2165 857 2236 Callirhoesque
868 2169 941 2232 viro;

125 2315 168 2390 ita
184 2335 224 2390 ut
243 2316 449 2392 Ouidianum
472 2319 537 2392 boc
553 2319 756 2419 poematium
773 2317 962 2392 fabularum
979 2317 1110 2394 officina
1126 2345 1201 2391 vere
1241 2416 1243 2419 Ι

26 2506 27 2513 χ
126 2430 187 2505 dici
200 2431 323 2533 possit.
344 2433 452 2508 Causa
464 2461 542 2509 vero
554 2463 573 2509 a
586 2433 685 2509 nobis
699 2461 762 2509 suo
776 2433 852 2509 loco
865 2433 1032 2522 afferetur,
1045 2461 1107 2509 cnr
1119 2433 1202 2508 Ovi-

26 2592 27 2625 ;
126 2548 198 2623 dius
213 2548 418 2624 obscuritati
434 2550 621 2639 studuerit3
635 2552 693 2627 sed
707 2569 741 2626 et
756 2570 833 2626 ante
849 2550 943 2627 illum
961 2552 1067 2627 Cinna
1082 2568 1198 2653 pocta,

127 2664 255 2762 Virgilii
273 2666 440 2767 praeconio
457 2665 659 2757 celebratus,
679 2667 869 2768 Smyrnam,
892 2696 1007 2770 poema
1030 2667 1200 2742 obscuris-

126 2780 263 2867 simum,
282 2781 482 2871 elaboravit,
502 2783 593 2885 qoud
612 2812 715 2884 quum
732 2782 833 2879 vulgo
850 2813 920 2858 non
937 2784 1197 2881 intelligeretur,

128 2896 307 2970 Crassitius
324 2897 556 2993 grammaticus
575 2899 821 2973 Commentario
836 2898 1021 2990 luculento,
1037 2900 1072 2973 in
1089 2899 1200 3001 ipsum

28 3064 29 3117 ,
127 3008 239 3097 edito,
262 3010 347 3083 adeo
372 3010 549 3097 inclaruit,
568 3028 609 3085 ut
622 3012 687 3085 boc
705 3012 905 3113 epigramma
921 3013 961 3087 de
980 3040 1020 3087 eo
1037 3012 1199 3113 scriptum

126 3128 185 3217 sit,
204 3145 290 3203 teste
309 3128 486 3216 Suetonio,
504 3126 593 3201 libro
613 3127 652 3203 de
669 3126 858 3203 illustribus
876 3128 1131 3204 Grammaticis:

324 3309 382 3363 Uni
395 3306 523 3363 Crassitio
535 3328 563 3363 se
576 3309 684 3363 medere
698 3308 815 3383 Smyrna
826 3309 961 3381 probavit:

358 3400 495 3469 Desinite,
510 3399 627 3467 indocti,
639 3400 764 3471 conjugio
776 3400 844 3455 banc
855 3412 955 3469 petere.

325 3492 383 3547 Soli
396 3491 522 3547 Crassitio
531 3512 560 3547 se
571 3489 636 3546 dixit
647 3492 747 3547 nubere
760 3492 843 3557 velle,

358 3584 456 3637 lntima
468 3586 510 3639 cui
522 3583 571 3637 soli
582 3594 647 3637 nota
659 3602 706 3638 sua
718 3582 872 3637 exstiterint.

127 3738 300 3837 Smyrnam
313 3752 425 3809 antem
442 3734 601 3809 novennii
617 3762 703 3836 opus
718 3733 821 3809 fnisse
839 3732 994 3809 Catullus
1011 3752 1045 3808 et
1061 3735 1198 3831 Quinti·

127 3851 232 3927 lienus
243 3849 468 3953 prodiderunt
485 3882 493 3924 :
510 3878 579 3951 quo
595 3848 734 3925 fortasse
748 3852 895 3953 respexit
907 3851 1068 3925 Horatius
1081 3850 1115 3923 in
1127 3852 1200 3951 epi-

127 3966 209 4043 stola
221 3965 266 4041 ad
281 3964 436 4053 Pisones,
451 3992 556 4067 mum
570 3964 737 4066 precipit,
753 3965 909 4041 duratura
923 3984 1075 4068 poemata
1089 3968 1125 4039 in
1137 3996 1200 4039 no-

128 4110 203 4158 num
219 4110 347 4157 annum
364 4080 545 4183 premenda
563 4108 644 4159 esses
662 4082 732 4157 Nec
751 4082 918 4157 omiserim
924 4121 936 4172 ,·
953 4083 1200 4184 antiquissimos

130 4214 242 4298 poetae
265 4196 307 4271 de
325 4194 491 4271 industria
510 4192 748 4273 obscuritatem
774 4195 967 4289 affectasse,
987 4215 1027 4272 nt
1050 4193 1199 4295 AEscbyli
