3017 5000
324 508 390 553 200
659 488 697 552 P.
725 484 906 552 OVIDII
930 483 1068 551 VITA

322 630 396 702 Hoc
413 644 522 701 autem
538 628 655 726 poem'a
672 645 719 699 xv
738 625 835 700 libris
847 643 1043 701 contentum
1057 622 1181 711 fuisse,
1200 640 1319 697 auctor
1330 623 1404 727 ipse

320 762 454 833 monet,
474 744 577 818 Trist.
597 742 656 815 lib.
675 746 710 829 I,
728 742 823 839 Eleg.
842 762 875 831 t,
895 772 978 830 vers,
1002 768 1067 841 117
1087 771 1096 814 ε

490 890 559 945 Sunt
575 909 679 959 quoque
692 900 802 944 mutate
814 896 967 960 terpsicore
980 894 1110 944 uolumira
1120 888 1234 957 formo,

520 974 613 1042 Nuper
627 973 659 1026 ab
672 973 798 1042 exsequiis
808 972 928 1027 earmina
938 982 1013 1043 rapta
1024 972 1105 1035 meis3

323 1091 414 1193 quod
430 1089 554 1191 repetit
568 1088 627 1163 lib.
650 1092 717 1175 lll,
738 1089 833 1185 Eleg.
852 1108 927 1178 xlv,
942 1118 1026 1164 vers.
1044 1091 1168 1190 ,tq-24.

313 1208 320 1233 ‘
370 1210 413 1283 X.
441 1208 501 1279 Est
524 1223 556 1278 et
572 1204 663 1278 aliud
683 1234 788 1306 opus,
814 1206 906 1305 quod
925 1205 1039 1279 Ovidii
1060 1204 1223 1301 relegatio
1257 1204 1407 1308 abrupit,

320 1324 519 1397 Fisrouun
539 1352 657 1424 nempe
677 1322 802 1412 libros,
821 1322 861 1396 de
878 1323 1004 1423 quibus
1020 1324 1069 1397 sic
1085 1322 1127 1397 ad
1143 1326 1337 1420 Augustum
1350 1325 1406 1425 ip·

328 1458 454 1527 semet,
471 1440 572 1513 'frist
592 1438 652 1513 lib.
672 1440 726 1527 ll,
744 1468 828 1515 vers.
850 1438 1036 1541 549-552:

493 1588 544 1641 Sex
556 1606 606 1657 eqo
619 1590 750 1641 Fastorum
763 1587 853 1658 srripsi
869 1589 1034 1659 totidemque
1045 1588 1145 1643 libellos
1157 1611 1165 1651 ς

522 1670 647 1741 Cumque
662 1692 710 1726 suo
723 1672 807 1727 finem
819 1692 912 1726 mense
922 1673 1050 1726 volumen
1062 1671 1149 1725 habet.

493 1757 576 1825 ldque
590 1770 637 1811 tuo
649 1777 735 1827 nuper
746 1759 873 1827 scriptum
884 1758 934 1811 sub
946 1757 1072 1822 nomine,
1087 1755 1192 1823 Cesar,

523 1840 558 1893 Et
570 1840 617 1894 tibi
629 1853 760 1895 sacratum
771 1861 827 1895 sors
839 1860 898 1893 rnen
909 1842 981 1909 rupit
993 1860 1066 1910 opus.

326 1959 415 2031 Hinc
439 1957 540 2055 vulgo
567 1958 656 2035 docti
681 1978 797 2048 erunt,
816 1960 976 2034 Ovidium
992 1958 1151 2034 duodecim
1168 1960 1351 2033 Fastorum
1367 1956 1407 2029 li-

324 2076 407 2149 bros
425 2075 614 2176 scripsisse,
639 2106 783 2178 quorum
800 2106 856 2152 sex
871 2077 1072 2180 posteriores
1089 2074 1257 2177 perierint
1277 2076 1407 2145 Verum

325 2187 353 2261 si
374 2188 467 2261 liceat
485 2189 528 2263 ab
546 2190 766 2265 eruditiorum
786 2191 948 2265 sententia
965 2219 1114 2266 seorsum
1129 2190 1236 2276 abire,
1255 2183 1351 2259 ultro
1362 2186 1409 2259 fa-

325 2306 444 2394 tebor,
464 2327 595 2409 poetam
609 2310 674 2382 hoc
688 2309 763 2383 loco
779 2314 819 2382 de
831 2340 887 2384 sex
901 2328 1028 2384 tantum
1043 2309 1140 2380 libris
1153 2304 1409 2402 intelligendum

326 2450 407 2495 esse.
427 2426 495 2496 Nec
515 2424 600 2496 eninr
618 2424 708 2498 aliud
726 2425 793 2500 sibi
806 2424 888 2498 velle
901 2424 982 2498 mihi
1001 2423 1146 2510 videtur,
1163 2441 1409 2525 preterquam,

326 2539 416 2638 quod
431 2540 602 2640 scripserit
613 2569 670 2613 ser
686 2541 870 2625 Festum,
885 2542 950 2614 boc
965 2558 1033 2626 est,
1051 2569 1109 2614 sex
1125 2529 1261 2626 Festos,
1279 2569 1342 2614 seu
1354 2567 1411 2614 sex

325 2657 453 2741 Fostr's,
478 2675 577 2756 atque
596 2655 737 2741 totidem,
767 2686 824 2730 seu
842 2685 899 2730 sex
915 2657 1014 2730 etiam
1034 2657 1146 2743 libros,
1168 2656 1226 2758 qui
1244 2656 1345 2730 Fasti
1366 2657 1410 2731 ab

330 2801 370 2845 eo
389 2773 478 2845 suere
497 2771 596 2858 dicti,
619 2771 695 2870 quia
713 2771 831 2844 iisdem
846 2774 966 2873 signato
979 2787 1116 2874 ternpore
1128 2772 1238 2848 Fastis
1252 2789 1375 2848 tractat
1386 2781 1410 2844 ¹2

331 2917 369 2960 ac
385 2905 425 2961 ut
441 2889 529 2962 Fast.
546 2877 606 2960 lib.
626 2886 672 2958 lv
691 2886 788 2960 initio
806 2888 873 2961 ait:

493 3035 628 3104 Tempora
641 3055 703 3088 cum
715 3036 799 3090 causis
811 3036 957 3091 Annalibus
969 3047 1045 3092 eruta
1057 3036 1164 3108 priscis,

527 3118 663 3187 Lapsaque
676 3119 724 3172 sub
736 3130 834 3185 terras,
846 3131 957 3188 ortaque
970 3120 1128 3191 signatorio.

327 3235 408 3309 lude
422 3253 475 3309 est
491 3237 582 3337 quod
600 3236 741 3326 ibidem,
764 3238 995 3313 Germanicum
1013 3225 1176 3316 Caesarem
1195 3239 1406 3344 adloquens,

327 3353 438 3441 addit,
455 3384 539 3429 vers.
567 3381 608 3456 ¹9
624 3372 657 3429 et
675 3381 722 3427 20
737 3386 744 3428 :

491 3504 521 3556 Si
533 3524 585 3573 qna
598 3515 688 3558 tamen
701 3524 760 3574 pars
774 3505 846 3560 tede
861 3507 949 3560 Fertis
960 3517 1068 3576 tangere
1079 3505 1174 3574 debet,

531 3592 629 3654 cesar,
644 3591 671 3644 in
685 3593 783 3659 Aprili,
796 3609 850 3660 quo
862 3591 993 3657 tenearis,
1008 3591 1105 3657 habes,
1121 3601 1170 3645 etr.

328 3703 490 3779 Eumdem
508 3733 643 3807 quoque
662 3736 797 3782 sensum
810 3708 949 3782 omnino
962 3707 1151 3798 confimat,
1168 3739 1271 3810 quum
1285 3713 1412 3786 Noster

331 3821 526 3921 subjungit,
545 3824 792 3898 antecedentem
811 3853 942 3900 versum
957 3828 1172 3928 expositurus
1186 3859 1195 3900 ε

503 3969 626 4041 Cumque
641 3991 690 4026 suo
703 3971 786 4028 finem
799 3991 891 4028 mense
904 3975 1031 4028 volumen
1043 3974 1130 4030 habet.

331 4091 464 4166 Scilicet
490 4089 672 4186 significat,
692 4119 727 4166 se
747 4093 917 4168 Fastorum
933 4093 1103 4168 materiam
1121 4121 1157 4167 ea
1177 4093 1339 4167 methodo
1358 4093 1411 4167 di-

363 4263 371 4293 ¹
391 4261 459 4314 Fast.
473 4257 651 4326 tib.11,vers.
665 4279 687 4328 7.
