3017 5000
338 474 398 559 148
553 557 564 574 .
655 476 695 540 P.
728 473 1067 543 ovlouulru

378 617 422 689 ΙΙ.
441 612 541 689 Haud
554 612 653 708 louge
667 613 786 688 abhoc
800 633 950 718 tempore
963 642 1135 691 censemus
1149 616 1308 692 O'vidium
1322 648 1404 695 suos

331 732 487 806 Atriorum
510 729 603 804 libros
628 728 773 831 primum
791 730 826 803 iu
851 728 976 819 lucem,
1004 731 1152 832 quinque
1177 731 1406 809 voluminibus

328 849 524 934 distinctos,
550 846 747 948 protulisse;
769 875 872 948 quum
890 848 1046 949 pleraque
1060 876 1175 923 eorum
1192 852 1335 926 carmina
1353 853 1406 924 vi-

327 968 468 1041 deantur
482 964 523 1039 ad
539 983 644 1065 poetae
661 964 770 1038 nostri
780 965 932 1065 juremb'o
947 974 955 1005 ¹
976 994 1047 1041 esse
1064 967 1254 1057 referenda,
1269 970 1404 1071 sintque

326 1078 487 1156 nonnulla
502 1080 647 1169 ibidem,
674 1080 881 1181 superiorum
898 1111 1061 1156 annorum
1080 1084 1227 1173 critone,
1246 1113 1320 1186 quae
1333 1086 1403 1185 jam

328 1200 554 1274 indicavimus.
573 1198 633 1271 Bis
651 1216 761 1273 autem
776 1198 877 1272 hosce
894 1198 1000 1274 libros
1014 1202 1056 1275 ab
1073 1220 1207 1277 auctore
1219 1203 1321 1278 fuisse
1334 1203 1406 1276 eti-

329 1331 400 1403 tos‚
420 1313 684 1415 ipsemet'aperit
697 1312 861 1413 prooemio
878 1311 955 1387 libri
970 1316 1009 1387 1:

494 1461 551 1530 Qui
565 1459 646 1513 ruodo
657 1460 770 1514 Nasonis
781 1460 916 1516 fueramus
927 1468 1035 1533 quiaque
1043 1468 1142 1528 libelli,

526 1554 587 1604 Tres
600 1569 691 1605 sumus
703 1570 710 1603 :
723 1551 774 1605 boc
784 1551 819 1603 ilii
831 1553 946 1621 pretulit
957 1566 1049 1609 auctor
1058 1576 1125 1625 opus
1135 1578 1143 1619 3

324 1672 394 1743 Nec
408 1669 501 1769 prior
516 1685 645 1741 tanturn
662 1668 787 1756 editio,
806 1668 863 1741 sed
879 1687 912 1743 et
926 1672 1095 1771 posterior
1103 1672 1272 1772 precessit
1286 1676 1403 1748 Artem

324 1783 475 1871 munuli,
501 1776 706 1886 quam'baud
722 1802 798 1859 ante
815 1812 939 1858 anuum
952 1788 995 1859 U.
1013 1788 1051 1860 C.
1071 1804 1212 1875 nccttl,
1234 1788 1403 1889 prodiisse

324 1899 482 1998 deinceps
507 1898 548 1971 ad
573 1926 647 1971 eum
666 1926 790 1971 annurn
811 1898 1043 1998 probabimus.
1072 1900 1111 1975 ld
1128 1918 1236 1976 autem
1258 1901 1405 1977 disertus

321 2013 423 2112 bujus
435 2013 547 2113 operis
560 2011 653 2088 locus
668 2014 888 2100 demonstran
904 2012 1029 2088 scilicet
1039 2017 1112 2090 Art.
1126 2018 1237 2093 Amat
1251 2016 1311 2090 lib.
1327 2020 1400 2104 ΠΙ,

321 2130 383 2203 ubi
396 2158 500 2231 quum
518 2128 560 2201 de
575 2147 819 2203 autecessorum
832 2129 885 2203 sui
897 2147 1069 2231 poetarum
1085 2133 1288 2207 carminibus
1303 2132 1405 2207 dixis-

324 2263 394 2335 set,
412 2246 453 2319 de
471 2244 539 2321 suis
556 2244 682 2319 addita
699 2273 781 2319 vers.
802 2244 873 2344 339
886 2254 925 2319 ²:

487 2394 608 2449 Forsitan
621 2402 649 2447 et
660 2403 772 2447 nostrum
781 2412 870 2446 nomeu
881 2393 1034 2448 miscebitur
1045 2395 1116 2450 istis:

523 2487 579 2542 Nec
591 2505 648 2540 mea
658 2484 771 2560 Letbaeis
783 2490 880 2553 scripta
893 2484 1028 2541 dabuntur
1037 2486 1117 2558 aquis.

489 2578 578 2647 Atque
591 2575 684 2650 aliquis,
693 2575 763 2631 dicet
774 2598 780 2640 ;
793 2575 883 2630 Nostri
897 2575 954 2646 lege
966 2577 1036 2631 culta
1047 2579 1162 2649 magistri

522 2667 667 2735 Carmina,
680 2668 753 2737 queis
767 2676 852 2737 partes
866 2667 972 2722 instruit
986 2669 1028 2722 iiie
1041 2671 1106 2724 duas
1115 2668 1133 2724 ⁸.

486 2759 563 2813 Deve
573 2765 653 2814 tribus
664 2761 753 2822 Illuc,
772 2759 862 2812 titulus
874 2777 941 2827 quos
951 2758 1036 2828 signat
1047 2761 1183 2816 Anonos!
1194 2804 1202 2830 ‚
1265 2798 1273 2806 -

523 2847 616 2920 Elige,
630 2846 699 2918 quod
712 2847 791 2902 docili
804 2849 919 2919 molliter
932 2868 979 2904 ore
991 2849 1069 2920 legas.

326 2968 523 3044 Recensitos
535 2985 645 3041 tamen
655 2969 811 3041 Amorum
823 2963 932 3040 libros
943 2967 1063 3042 iterum
1078 2967 1186 3042 editos
1197 2988 1267 3045 turn
1280 2972 1401 3063 fuisse,

325 3112 430 3186 quum
446 3083 512 3183 jam
531 3079 677 3158 Ovidius
692 3083 810 3158 Artem
830 3082 1028 3156 Amoton'um
1044 3082 1109 3156 sibi
1126 3085 1402 3163 conscribendam

326 3197 543 3302 suscepisset,
561 3194 651 3268 baud
663 3195 803 3270 obscure
813 3194 937 3268 iudicat
949 3196 1063 3268 Amor.
1077 3194 1141 3270 lib·
1152 3199 1185 3271 11
1196 3253 1206 3285 ,
1219 3197 1273 3273 El.
1288 3220 1400 3293 ΜΠ,

326 3341 407 3389 vers.
435 3328 527 3411 ruet
543 3336 613 3383 20:
650 3351 653 3356 ·

493 3443 576 3530 Quod
588 3459 665 3527 iicet,
680 3470 724 3512 sut
736 3458 834 3512 nrm
846 3459 931 3512 teneri
943 3457 1098 3528 profitemur
1110 3459 1242 3515 Aluus:

521 3547 575 3604 Hei
586 3549 651 3603 mihi
662 3564 823 3603 numerous
834 3558 948 3618 torquem
957 3554 1013 3617 pse
1022 3550 1109 3604 utres!

358 3717 366 3745 ¹
385 3713 454 3765 Fast.
466 3711 509 3766 lib.
522 3709 565 3778 ll,
575 3727 643 3764 vers.
652 3713 684 3774 5,
703 3708 735 3762 ad
745 3707 857 3779 Elegos:
870 3730 883 3754 s
895 3709 954 3778 lpse
967 3727 1016 3779 ego
1027 3727 1073 3763 vos
1085 3707 1165 3762 babui
1176 3707 1262 3764 faciles
1270 3711 1298 3764 iu
1306 3729 1399 3768 amore

328 3796 478 3860 ministros,
492 3794 588 3862 Quum
598 3793 658 3846 lusit
670 3793 790 3846 numeris
799 3805 893 3845 enm
903 3806 1034 3846 turem
1045 3792 1105 3846 soie
1122 3815 1136 3840 α
1152 3792 1209 3847 Lib.
1219 3793 1272 3860 IV,
1281 3814 1348 3851 vers.
1363 3818 1399 3870 9:

327 3903 339 3928 a
356 3879 425 3948 Qure
437 3876 525 3930 decuit
536 3892 634 3930 rursus
645 3876 701 3928 siue
714 3875 825 3928 crimine
838 3874 947 3930 lusimus
959 3889 1050 3930 Annis.
1060 3900 1074 3924 υ

357 3965 369 3994 ²
387 3963 474 4014 Versu
486 3979 591 4030 quoque
606 3960 654 4014 538
667 3959 699 4012 ad
712 3978 758 4013 eos
770 3961 903 4012 Amorum
915 3959 1010 4028 libros,
1023 3961 1117 4030 quibus
1127 3979 1200 4014 suam
1213 3963 1326 4017 maxime
1342 3969 1399 4020 Co-

323 4050 423 4100 rinnam
435 4043 548 4098 celebrat
557 4083 566 4111 ,
582 4042 682 4113 liquido
700 4053 799 4114 spectat
815 4061 822 4095 ι
838 4064 852 4088 «
871 4042 906 4096 lu
924 4043 1018 4111 multi,
1039 4061 1098 4114 qun
1110 4043 1145 4098 sit
1160 4056 1248 4100 nostra
1267 4041 1394 4114 Cotinos,

323 4139 459 4280 miaipbos,
471 4212 541 4266 Artis
556 4211 699 4266 Amatoria
711 4210 790 4267 libros
805 4211 934 4282 intelligit.
