3017 5000
334 428 395 515 142
657 430 695 496 r.
724 431 908 500 ovrnrr
934 432 1063 501 vrrs

330 600 426 660 cens,
443 571 508 645 sibi
520 570 649 647 nnllam
661 602 736 648 cnm
753 573 914 671 Virgilio,
926 575 1061 650 brevem
1075 601 1155 647 vero
1167 602 1244 650 cum
1256 575 1406 667 Tibullo,

330 689 508 764 amicitiam
526 689 651 779 fuisse,
667 719 751 766 vers.
770 689 908 764 51-53:

500 840 634 906 largitum
646 837 699 891 vicli
715 848 822 891 tautum
833 857 840 893 ε
853 858 905 893 nec
914 857 992 893 arara
1007 840 1109 893 Tuscu

527 931 647 999 Tempus
658 936 778 985 amatrlr'ae
787 930 840 985 lata
854 930 952 986 dedere
964 951 1040 986 mee„

473 1017 477 1031 '
494 1022 631 1079 Successor
642 1022 696 1075 luit
706 1022 750 1078 bic
760 1023 825 1091 tibi,
842 1026 937 1088 Gara,-
950 1026 1095 1092 propedius
1105 1022 1151 1077 illi.

330 1139 501 1215 Scilicetsi
512 1138 671 1215 Tibullus
682 1168 856 1216 successor
864 1140 953 1213 Galli
965 1140 1045 1231 luit,
1056 1140 1113 1215 ille
1128 1168 1209 1236 ergo
1218 1138 1407 1241 aliquandiu

330 1258 517 1358 posthunc
535 1256 670 1346 lloruit,
691 1275 724 1330 et
741 1285 828 1332 nova
841 1259 985 1333 carmina
1006 1257 1149 1359 scripsit.

379 1376 426 1446 ll.
445 1373 589 1447 Ovidius
605 1401 710 1474 porro
729 1402 833 1475 quum
845 1372 974 1447 Tibulli
987 1390 1127 1447 mortem
1139 1372 1291 1460 defleret,
1305 1371 1367 1472 jam
1377 1399 1408 1445 se

328 1491 427 1566 istius
448 1491 507 1565 aeri
517 1490 618 1591 poetis
640 1491 900 1582 adnumerabat,
918 1492 1035 1567 Amor.
1055 1490 1117 1566 lib.
1145 1494 1214 1581 ΙΙΙ,
1231 1489 1326 1589 Eleg.
1349 1509 1406 1577 tx,

330 1634 412 1681 vers.
439 1634 478 1708 17
495 1638 504 1680 :

497 1754 533 1809 At
544 1755 608 1809 sacri
621 1764 704 1819 vales,
719 1766 746 1809 et
758 1755 860 1809 Dirdm
872 1776 935 1811 cura
945 1778 1073 1812 aucam.

529 1844 601 1899 Sunt
613 1846 710 1914 etiam,
724 1848 768 1917 qui
780 1868 828 1901 uos
840 1863 942 1901 numen
957 1846 1054 1903 babere
1065 1858 1181 1919 puteut;

332 1962 456 2063 quibus
467 1962 707 2037 confirmantur
718 1963 872 2067 superius
883 1964 1039 2041 adnotata
1047 1966 1087 2040 de
1093 1963 1407 2066 juveniliumllostri

333 2080 517 2154 carminum
534 2098 692 2183 ternpore.

378 2201 438 2272 lll.
456 2200 546 2272 Hinc
558 2198 776 2273 admonemur
786 2217 824 2273 nt
838 2199 877 2273 de
894 2197 1029 2273 illorum
1044 2207 1053 2238 ¹
1071 2200 1230 2301 opinione
1246 2197 1405 2283 dicamus,

331 2314 388 2414 qui
406 2312 617 2401 existimant,
641 2314 799 2414 collegium
822 2332 999 2415 poetamm
1022 2316 1141 2388 Romae
1165 2313 1294 2401 luisse,
1319 2312 1407 2411 cujus

330 2458 409 2532 pars
426 2429 570 2504 Ovidius
589 2427 700 2504 suerit.
726 2429 832 2527 Quod
859 2431 996 2504 omniuo
1022 2449 1149 2507 certum
1170 2428 1307 2505 minime
1331 2428 1407 2502 mibi

330 2545 460 2619 videtur
472 2573 511 2617 ex
521 2543 603 2617 locis
613 2545 647 2617 in
660 2544 848 2620 subsidium
859 2547 997 2622 vocatis.
1007 2547 1161 2622 Valerius
1174 2574 1296 2648 nempe
1304 2547 1406 2620 Mari-

330 2689 406 2736 mus
421 2661 485 2734 ²de
502 2662 605 2735 Accio
617 2681 717 2762 pocta
736 2692 744 2736 ε
765 2697 783 2728 «
800 2665 853 2751 ls,
873 2663 940 2753 ait,
956 2663 1050 2738 lulio
1066 2665 1188 2739 Caesari
1204 2660 1404 2764 amplissimo

334 2813 353 2843 »
373 2795 407 2852 et
423 2767 659 2854 florentissimo
679 2780 751 2853 viro
765 2781 802 2854 in
819 2781 976 2880 collegium
985 2797 1146 2881 poctarum
1164 2781 1309 2854 venienti
1325 2807 1405 2852 nuu-

333 2929 351 2961 »ι
374 2923 474 2996 quarn
490 2896 689 2984 assurrexit,
709 2914 782 2970 etc*
793 2932 811 2963 »
828 2897 899 2994 Qui
915 2895 1009 2971 locus
1026 2926 1133 2998 quum
1149 2894 1241 2971 solus
1255 2897 1291 2970 id
1307 2924 1405 2994 genus

331 3012 458 3113 collcfflir
474 3030 654 3100 memoret,
673 3041 749 3087 eum
767 3043 947 3116 possumus
966 3014 1124 3090 translate
1143 3030 1175 3087 ct
1192 3013 1331 3109 figurate
1355 3013 1404 3084 in-

332 3133 526 3235 terpretari,
541 3159 612 3205 non
629 3161 706 3206 vcro
722 3133 859 3234 proprie
881 3132 922 3205 dc
938 3131 1100 3205 soduliutc
1116 3149 1293 3232 poetarum
1314 3157 1403 3216 vera,

333 3281 406 3354 quae
416 3250 567 3347 legibus,
578 3276 786 3352 numeroque
795 3249 1022 3324 membrorum
1036 3249 1283 3348 circumscripta
1297 3246 1400 3321 firerit

331 3373 447 3470 Quum
467 3369 554 3446 enim
570 3387 604 3444 ct
619 3389 726 3471 poetae
750 3397 829 3442 suos
854 3386 959 3443 cretus
979 3367 1158 3456 baberent,
1186 3367 1248 3441 ubi
1267 3365 1403 3441 carmina

332 3486 472 3559 invicem
487 3485 681 3572 recitarent,
696 3514 737 3559 eo
753 3483 867 3584 potuit
879 3481 1036 3558 Valerius
1047 3483 1228 3583 respicere,
1244 3479 1403 3582 siquidem

332 3601 445 3676 addit:
468 3635 484 3669 s
506 3601 724 3703 Quapropter
743 3599 930 3674 insolentis
954 3601 1090 3674 crimine
1114 3601 1237 3689 cuuit,
1257 3600 1335 3701 quia
1357 3597 1402 3671 ibi

333 3753 352 3786 »
373 3717 600 3807 voluminum,
615 3747 683 3792 non
695 3719 876 3814 imaginum
889 3718 1065 3795 certamina
1078 3720 1324 3794 exercebantur.
1339 3718 1402 3790 Nec

332 3837 439 3932 magis
456 3837 627 3932 stringunt
644 3863 661 3908 e
680 3838 815 3910 Nasone
832 3835 916 3910 loca.
934 3840 969 3911 Is
985 3838 1086 3914 Trist.
1106 3837 1165 3913 lib.
1180 3841 1223 3931 V,
1239 3837 1333 3933 Eleg.
1347 3855 1400 3924 111,

332 3981 438 4056 quum
454 3951 496 4024 ad
512 3951 681 4026 Bacchum
698 3949 837 4028 dixisset
852 3980 935 4027 vers.
960 3981 973 4024 1
992 3983 1000 4026 :

365 4130 374 4160 ¹
392 4125 463 4179 Vide
474 4125 614 4194 lenacia,
631 4125 664 4178 de
680 4124 806 4180 Bibliotb.
816 4165 824 4193 ,
836 4146 895 4197 pag.
905 4128 971 4197 337,
984 4137 1034 4184 etc

363 4221 376 4252 ¹
392 4219 448 4274 Lib.
462 4218 519 4286 lll,
539 4237 729 4290 cap.7,u.1r.
