3017 5000
229 421 272 486 tia
629 415 913 486 EXGURSUS

228 555 330 630 rostri
342 555 533 630 aduncitate
547 583 608 656 per
624 583 695 630 earu
712 583 749 630 se
763 573 895 657 partem
909 553 1067 656 proluere
1081 555 1222 630 insitum
1238 574 1310 641 eur,

235 701 300 771 qua
322 671 509 746 redduntur
533 671 685 746 cibmmn
704 698 824 760 onera,
848 689 887 744 ut
908 672 1119 745 Minutiauus
1148 699 1311 767 gramma·

232 786 416 888 tiensapnd
431 785 571 863 Cetium
582 785 829 884 Rhodiginuru,
842 788 954 890 Antip
971 785 1109 862 Lecttbn.
1125 787 1184 862 lih.
1200 790 1308 865 XIII,

233 931 304 1005 cap.
332 927 376 991 1;
406 900 575 992 Alcimus,
598 901 793 998 Ernbletnote
816 901 888 991 863
915 907 1089 991 Bruttus,
1107 921 1141 978 et
1158 901 1312 1004 plerique

237 1021 527 1120 grammaticorum
540 1021 744 1108 existimant3
764 1049 826 1094 nec
844 1020 959 1107 etiam,
977 1020 1070 1121 quod
1089 1018 1224 1094 libellus
1236 1018 1312 1093 Cal-

234 1140 367 1214 limachi
381 1139 462 1212 diris
477 1157 511 1213 et
528 1139 810 1213 exsecrationibus
820 1138 1076 1226 essetrefertns‚
1092 1167 1165 1239 quae
1176 1165 1312 1238 serpen

233 1260 316 1334 tium
337 1258 459 1344 instar,
481 1256 606 1356 quihus
618 1255 689 1330 Ibis
703 1257 865 1343 rescitur,
882 1255 1104 1357 Apollonium
1116 1255 1313 1331 morderent

232 1399 270 1445 ac
288 1370 473 1445 lacerarent
500 1370 602 1469 (quae
623 1369 784 1445 sententia
802 1388 854 1444 est
873 1368 965 1445 Laelii
983 1369 1137 1446 Biscinlae
1154 1370 1190 1444 iu
1211 1371 1314 1446 Hom

231 1488 405 1572 subustos,
421 1485 481 1558 lib.
494 1488 543 1573 V,
551 1512 621 1586 cap.
639 1485 697 1582 18)
716 1517 726 1562 ι
744 1485 802 1560 sed
813 1503 851 1560 ut
861 1484 1082 1587 Apollonius,
1097 1486 1313 1588 quihleran-

235 1602 351 1676 drinus
371 1619 462 1687 erat,
488 1599 598 1700 aliqua
625 1629 664 1673 er
687 1617 780 1700 partc
797 1600 1012 1677 indicaretur.
1042 1601 1204 1697 Quamvis
1219 1603 1313 1676 euim

236 1717 393 1794 Rhodius
410 1716 593 1803 diceretur,
609 1715 873 1790 Alexandrinum
899 1733 1016 1790 tamen.
1032 1716 1136 1794 luisse
1161 1717 1315 1819 prodidit

234 1832 368 1921 Strabo,
378 1831 435 1930 lih.
451 1831 545 1917 XIV,
556 1858 634 1930 pag.
649 1829 695 1922 45
707 1829 865 1905 editionis
876 1859 895 1905 a
908 1832 1107 1908 &naboan
1121 1831 1314 1927 recognitae,

234 1953 287 2029 his
304 1950 415 2024 verbis
433 1980 441 2022 :
462 1956 613 2030 Διονύσιος
635 1953 666 2040 di
688 1953 806 2046 ὁΘρᾷΕ
816 2005 829 2039 ,
844 1955 892 2020 mi
912 1937 1099 2030 Ᾰπολλώνσος
1123 1957 1139 2022 ὁ
1162 1957 1230 2030 τοὺς
1246 1938 1312 2048 dp·

236 2077 380 2166 γοναύτας
401 2084 543 2156 ποιήσας,
558 2060 748 2165 Ᾰλεξανδρεῖς
762 2073 836 2163 μὲν,
852 2075 1007 2144 ἐκαλοῦντο
1020 2073 1052 2143 di
1063 2061 1175 2146 Ptoou
1190 2103 1208 2132 a
1222 2069 1314 2142 Dio-

235 2223 253 2254 »
274 2187 389 2287 nysius
401 2213 478 2260 vero
491 2185 619 2272 Thrax,
635 2202 668 2258 et
681 2184 898 2286 Apollonius,
909 2187 1213 2283 Argonautiuorum
1226 2214 1314 2258 cou-

236 2340 255 2372 o
277 2305 383 2392 ditor,
401 2302 619 2378 Alexandrini
641 2301 774 2403 quidem
795 2302 947 2387 fuerunt,
965 2302 1024 2377 sed
1043 2301 1206 2378 nominati
1231 2319 1316 2375 serut

237 2457 255 2488 >¹
276 2420 444 2496 Rhodii.»
466 2409 652 2501 deotimus
661 2419 781 2501 suidas
796 2450 805 2495 ε
820 2411 1017 2520 Ᾰὶεξανδρώς
1030 2427 1109 2493 e’tro'rr
1117 2428 1236 2502 ποιητὴς
1245 2423 1316 2490 dro-

235 2549 338 2639 τρίψας
351 2548 379 2611 ἐν
394 2531 497 2634 Ῥόδῳ,
510 2546 572 2619 υἱὸς
585 2545 719 2617 Σιλλέως.
734 2539 1217 2640 ltemauonymus-auctor,qui
1228 2536 1315 2611 scri·

187 2716 192 2737 ,
237 2658 393 2759 psitye'roe
411 2644 654 2729 instituerentur]
669 2649 787 2729 Pedion·
801 2684 991 2755 quanquam
1000 2653 1163 2757 AElianus,
1178 2656 1216 2728 de
1228 2656 1316 2730 Ληί-

237 2772 381 2855 tualibus,
398 2769 456 2845 lib.
468 2772 544 2858 XV,
552 2799 623 2871 cap.
637 2768 702 2855 23,
722 2796 797 2842 eum
811 2767 1037 2841 Naucratitam
1050 2766 1157 2841 lacere
1169 2768 1311 2841 videtur.

237 2887 303 2961 Sed
311 2905 557 2988 utcunqueest,
566 2887 735 2987 AEgyptus
745 2887 850 2985 patria
863 2884 1314 2960 suithancratisenirnnrhs

237 3019 288 3077 est
300 3002 452 3103 AEgypti.
471 3001 699 3098 Quamobrem
716 2999 818 3095 longe
829 2995 957 3072 fallitur
966 3001 1114 3075 loannes
1126 3001 1312 3090 lllenrsirrs,

238 3120 313 3221 qni,¹
325 3119 526 3224 &dragmate
535 3116 575 3190 dr
585 3117 782 3217 Apollonii,
798 3143 861 3217 pro
874 3115 1012 3191 dirersis
1024 3116 1125 3225 habet
1137 3117 1313 3193 Rhodium

238 3252 273 3308 et
286 3230 549 3308 Alexandrinum
562 3288 572 3321 ,
585 3228 677 3305 Sillei
688 3229 815 3317 fitium,
830 3230 889 3332 qui
900 3231 1115 3306 Eratostheni
1126 3232 1161 3304 in
1172 3230 1315 3334 Alexan-

239 3353 344 3427 drinae
365 3348 578 3428 bibliothecae
597 3348 791 3449 profectura
812 3347 980 3421 successit.
1005 3346 1151 3423 Ovidius
1175 3331 1312 3435 autem,

239 3466 432 3545 Callimachi
455 3464 607 3567 exemplo
623 3466 793 3541 inimicum
811 3492 909 3539 sunm
927 3464 1003 3537 lhin
1020 3465 1202 3566 appellasse
1220 3468 1314 3541 vide-

239 3605 309 3669 tur,
329 3584 606 3685 quemadmodum
622 3581 754 3656 Tullius
773 3580 951 3656 Orationes
968 3609 1045 3657 snas
1056 3584 1093 3655 ih
1104 3584 1314 3675 Antonium,

240 3700 476 3776 Demosthenis
501 3698 700 3785 imitatione,
720 3695 925 3799 Philippicas
942 3699 1128 3799 inscripsit,
1145 3700 1194 3772 uti
1213 3701 1313 3774 etiam
1340 3779 1347 3789 ¹

239 3818 373 3909 Trogus
387 3813 567 3913 Pompeius
580 3812 736 3885 historias
746 3840 840 3900 suas,
854 3812 1061 3887 emulatione
1072 3814 1312 3917 flhwpompi,

241 3936 299 4037 qni
322 3932 530 4034 Philippicas
548 3931 731 4031 scripserat.
762 3930 828 4005 Sed
844 3933 950 4028 magis
967 3948 1018 4007 est
1034 3950 1073 4006 ut
1088 3934 1218 4008 credam
1240 3938 1313 4008 Na-

239 4052 331 4128 son‘s
349 4049 573 4124 adversarium
586 4048 692 4121 lhidls
709 4047 844 4122 nomine
858 4048 1088 4145 designatum,
1106 4050 1198 4151 quod
1213 4052 1243 4124 is
1258 4078 1311 4125 re-

240 4196 313 4243 vera
326 4166 505 4268 AEgyptins
514 4184 619 4256 esset,
633 4194 699 4267 qna
712 4164 800 4245 dere
811 4168 963 4267 sequenti
974 4168 1083 4269 capite
1092 4167 1311 4243 disseremus:
