3017 5000
403 530 506 599 run.
525 533 558 598 r.
585 532 823 602 raasson.

242 670 420 739 Querentem
433 670 530 727 frustra
541 684 627 728 custos
639 692 683 727 rne
694 674 800 729 sedibus
811 674 861 727 illis

277 763 436 831 Prsepositus
447 775 538 819 sanem
551 765 625 834 jussit
639 766 710 820 abire
722 766 788 822 loco.

119 876 177 951 llciu
190 876 226 951 de
242 879 388 955 Octaviae
405 883 554 983 porticus
572 883 779 957 bibliotheca
798 884 991 984 subjungit:

244 1020 337 1074 Altera
351 1021 447 1092 templa
461 1033 537 1091 peto,
551 1023 637 1079 ricino
648 1025 737 1095 juncta
751 1025 855 1080 theatro
865 1029 891 1079 ¹:

276 1110 342 1165 ttae
356 1131 463 1181 quoque
474 1124 552 1168 erant
563 1114 674 1185 pedibus
686 1135 741 1169 non
755 1115 877 1170 adeunda
889 1117 964 1170 meis.

115 1224 234 1329 lienique
251 1228 292 1303 de
311 1230 520 1307 Bibliotheca
541 1234 578 1306 in
599 1234 781 1309 Libertatis
802 1236 901 1309 Atrio
919 1244 932 1274 ²
951 1234 1060 1310 Asinii
1076 1235 1159 1310 Pol·

113 1334 184 1415 lionis
197 1342 361 1417 sumtibus
379 1345 561 1419 constituta
575 1375 583 1419 :

245 1482 301 1538 Nec
314 1503 372 1552 me,
385 1504 444 1555 quse
457 1485 541 1542 doctis
553 1497 696 1557 patuerunt
707 1489 794 1559 prima
803 1487 815 1522 ³
825 1488 933 1558 libellis,

277 1574 355 1629 Atria
367 1577 486 1633 Libertas
496 1590 604 1649 tangere
615 1599 689 1649 passa
699 1600 745 1635 sua
756 1591 804 1635 est.

245 1666 277 1720 lu
290 1688 372 1738 genus
384 1670 497 1724 auctoris
509 1672 598 1725 miseri
610 1670 717 1726 fortuna
731 1672 881 1737 secundam

276 1760 313 1815 Et
324 1762 439 1831 patimur
454 1762 525 1832 nati,
538 1744 619 1833 duem
632 1762 693 1818 tulit
705 1764 777 1834 ipse,
790 1764 888 1836 sugam.

109 1868 184 1943 lltud
205 1870 284 1945 alias
306 1902 406 1963 vero,
428 1891 549 1977 praeter
573 1904 646 1961 eas,
674 1877 790 1950 Romae
812 1873 1036 1950 bibliothecas
1056 1873 1158 1950 fuisse

106 1982 249 2081 publicas,
265 1988 428 2062 evincitur
444 1986 457 2036 ⁴
480 2017 519 2063 ex
537 2016 623 2064 vers.
644 2017 690 2091 79
705 2008 738 2063 et
754 1988 802 2062 80
818 2019 825 2061 :

246 2135 353 2188 luteres
364 2175 372 2203 ,
385 2136 463 2190 statio
474 2137 601 2219 quoniam
613 2138 678 2192 mihi
690 2137 793 2211 publica
804 2138 891 2193 clausa
900 2148 957 2205 est,

279 2226 388 2280 Privato
400 2226 477 2283 liceat
488 2228 619 2284 delituisse
631 2229 707 2295 loco;

101 2350 222 2409 sterant
239 2338 373 2438 quidem
391 2338 512 2440 privati
527 2343 662 2429 Romae,
682 2340 739 2443 qui
755 2341 871 2415 Nostri
890 2338 991 2441 opera
1006 2336 1156 2412 studiose

99 2448 301 2548 colligebant,
317 2455 420 2530 Trist.
438 2455 497 2531 lib.
516 2460 586 2548 Ill,
603 2457 697 2558 Elcg.
720 2476 794 2534 ΙΝ.

134 2573 225 2648 ΙΙΙΙΙ.
260 2574 348 2673 Quis
371 2575 473 2650 fuerit
489 2577 596 2651 exsilii
619 2579 722 2665 locus,
745 2596 845 2679 atque
868 2564 997 2650 itineris
1020 2575 1057 2647 in
1081 2600 1157 2646 enm

94 2715 295 2788 progressus,
322 2693 362 2769 ad
389 2712 582 2797 sequentem
603 2725 725 2771 annum
746 2695 970 2798 opportunius
998 2693 1156 2767 dicemus.

94 2805 132 2878 ht
143 2807 274 2884 iuterim
290 2811 346 2884 hic
366 2810 552 2886 adhucdum
572 2811 797 2899 observanda,
816 2839 889 2912 qna
900 2811 1023 2883 Noster
1040 2808 1080 2881 de
1098 2835 1159 2880 sna

93 2917 145 2996 boc
160 2941 309 3027 tempore
313 2927 443 3026 familia
457 2927 622 3002 memorias
639 2926 816 3001 mandauit.
839 2929 1029 3026 Utrumque
1046 2941 1157 2998 autern

93 3063 177 3114 suum
187 3059 349 3143 parentem
365 3045 432 3142 jam
445 3061 522 3120 ante
540 3042 734 3140 decessisse,
753 3070 854 3144 supra
872 3039 884 3079 ⁵
903 3039 1157 3143 praenotavimus

94 3182 124 3228 ex
139 3159 237 3236 Trist.
256 3161 317 3236 lib.
337 3162 508 3262 tv,Eteg.
529 3184 568 3251 x,
585 3161 664 3249 ubi,
683 3189 766 3234 vers.
783 3157 922 3250 81-84,
940 3158 1047 3256 canit:

119 3328 126 3356 ¹
143 3325 245 3384 Confer
256 3349 316 3401 qua
325 3350 383 3402 sup.
393 3330 556 3400 scripsimus,
570 3349 626 3400 pag.
642 3329 697 3386 153.

83 3409 89 3416 ¹
120 3413 206 3470 'Hoc
216 3428 289 3486 patet
306 3437 337 3470 ex
356 3417 408 3470 hoc
426 3415 517 3471 Ovidii
538 3416 613 3483 loco,
633 3416 729 3469 sicum
743 3416 862 3469 Suetonio
879 3411 1047 3479 conseratur,
1067 3413 1112 3482 qui
1131 3413 1161 3466 in

95 3491 153 3565 bug.
164 3517 218 3569 cap.
230 3521 277 3574 29,
290 3500 379 3554 scribit
391 3519 398 3554 ι
413 3522 425 3546 κ
439 3499 579 3570 Multaque
590 3519 604 3553 a
616 3499 706 3553 multis
717 3509 846 3552 exstructa
856 3507 935 3562 sunt;
950 3496 983 3550 ab
992 3494 1085 3550 Asinio
1093 3496 1159 3550 Pol·

94 3574 178 3632 ¹lione
192 3583 299 3636 Atrium
311 3582 458 3636 Libertatis.
473 3604 487 3630 s

118 3659 127 3693 ³
141 3665 263 3736 Scilicet,
278 3691 292 3716 s
303 3669 412 3722 Asinius
424 3666 510 3721 Pollio
523 3684 632 3722 rnrrrus
644 3665 838 3721 Bibliothecam
848 3665 961 3720 dicando
968 3703 977 3732 ,
991 3664 1098 3734 ingenia
1111 3666 1161 3720 ho·

91 3747 211 3804 'ninum
224 3771 283 3806 rem
296 3753 428 3822 publicam
441 3751 517 3818 feeit,
533 3773 547 3798 s
561 3762 591 3805 ut
602 3751 682 3805 habet
694 3750 812 3818 Plinius,
826 3748 896 3804 Hist.
909 3751 971 3804 Nat.
982 3749 1027 3802 lib.
1043 3750 1159 3816 XXXV,

88 3849 136 3900 nr·
146 3855 177 3901 π,
189 3837 234 3906 qui
246 3850 274 3894 et
288 3838 331 3892 lib.
343 3839 418 3904 v11,
431 3857 487 3907 cap.
498 3839 547 3904 30,
559 3836 663 3890 scribitr
674 3856 688 3882 s
698 3837 887 3890 Bibliotheca
894 3847 1012 3888 ramur
1026 3834 1059 3886 ab
1066 3834 1160 3888 Asinio

90 3933 101 3956 ι
112 3915 230 3974 Pollione
242 3941 274 3974 ex
287 3920 419 3976 manubiis
432 3918 590 3991 publicatam
604 3919 698 3972 Rorure
710 3938 775 3972 esse.
791 3939 805 3966 n
823 3920 969 3988 Perperam
981 3935 1046 3970 vero
1059 3915 1162 3970 Casan·

91 3997 167 4056 bonus
178 4005 239 4060 Not
251 4007 278 4060 iu
292 4007 406 4061 sueton.
423 4006 493 4076 Aug.
511 4024 567 4074 cap.
581 4024 627 4077 29,
641 4023 672 4057 er
685 4024 718 4059 eo
732 4003 844 4059 Nasonis
862 4003 921 4058 loco
938 4002 1049 4074 colligit,
1070 4001 1160 4056 doctos

93 4079 117 4132 ln
128 4084 176 4140 boc
187 4089 262 4144 Atrio
273 4091 413 4144 Libertatis
425 4089 456 4143 ad
469 4093 556 4158 tlaxaa
567 4089 728 4144 convenisse.

121 4164 132 4199 ⁸
148 4167 227 4237 Quod
244 4172 305 4226 olim
324 4175 438 4228 Nardr'm'
455 4172 654 4237 observaverat,
677 4171 720 4225 lib.
739 4173 766 4222 V
786 4171 818 4224 de
838 4171 903 4225 Ans.
919 4169 1023 4235 Roma,
1042 4188 1097 4238 cap.
1120 4167 1158 4222 13.

97 4243 204 4306 Consule
215 4255 281 4326 Lips.
294 4257 328 4310 de
340 4255 466 4310 Biblioth.
479 4275 536 4326 cup.
549 4258 564 4309 5
578 4265 605 4308 et
617 4256 641 4307 5.
890 4269 895 4276 “
1041 4259 1044 4265 “

124 4331 135 4366 ⁵
149 4335 209 4408 Pig-
224 4361 278 4394 ιη.
