3017 5000
338 441 403 506 sos
672 419 1076 506 nnnrcarronss

338 579 567 664 decantatum,
584 575 701 676 parum
714 575 817 674 hujus
826 572 891 648 loci
904 573 1157 677 amplitudinem
1164 573 1269 651 decet.
1281 579 1413 677 lmpro-

312 682 316 696 ¹
336 693 420 766 bum
431 691 580 779 facinus,
598 708 631 765 et
648 690 931 766 animadversione
944 691 1082 788 dignum
1095 692 1269 768 censoria?
1280 693 1414 794 Ecquid

339 827 408 883 tam
421 809 624 909 protritum,
643 807 762 908 ecquid
779 824 845 881 tam
861 805 1088 908 proculcatum
1104 836 1202 910 qnam
1223 807 1322 882 urbis
1335 807 1415 894 viae,

281 927 291 946 ⁶
339 952 423 1027 quas
433 924 521 1026 equi,
531 923 648 1012 boves,
658 921 754 1013 asini,
763 921 857 1011 muli,
866 923 1087 1025 hominesque
1095 921 1414 1010 clitellarii,adsidoe

335 1059 450 1118 terunt
459 1043 475 1114 l
484 1040 607 1115 Ideone
618 1067 671 1114 me
680 1039 862 1114 continebo
874 1039 977 1127 domi,
986 1067 1027 1112 ne
1038 1039 1137 1140 bipes
1146 1039 1314 1134 ingrediar
1327 1039 1415 1114 inter

335 1159 568 1263 quadrupedes
585 1215 594 1246 ,
615 1177 648 1232 et
663 1157 784 1232 carebo
803 1153 964 1256 publico,
989 1184 1031 1229 ne
1048 1157 1194 1231 minuam
1210 1158 1415 1255 majestatem

336 1277 483 1362 ordinis;
501 1273 570 1362 vel,
589 1274 617 1348 si
633 1273 768 1377 prodire
779 1274 846 1347 huc
863 1271 982 1356 velim,
996 1301 1098 1368 cogar
1107 1273 1281 1370 dignitatis
1293 1303 1413 1362 musa,

338 1421 415 1469 cum
430 1391 535 1467 simiis
548 1408 580 1464 et
592 1389 714 1465 solibus
730 1390 766 1462 in
779 1387 899 1485 tegulis
914 1387 1107 1462 ambulare?
1124 1391 1201 1464 Non
1215 1389 1416 1466 adscendam

335 1508 434 1596 illue,
455 1509 578 1609 opinor
602 1507 789 1602 :imitabor
811 1505 926 1608 potius
955 1503 1203 1580 Chalcidenscm
1218 1507 1259 1579 T.
1276 1507 1416 1604 Quintil

338 1623 507 1726 hospitem
518 1655 526 1712 ;
548 1607 650 1726 atque
660 1643 699 1698 ut
711 1622 766 1699 ille
779 1623 889 1698 bellus
902 1621 1071 1724 scitusque
1084 1624 1293 1710 convivator,
1310 1651 1416 1724 quum

336 1739 529 1840 imperatori
544 1767 699 1828 romano,
717 1741 854 1840 ejusque
871 1741 1035 1841 praetorias
1054 1741 1186 1814 cohorti
1209 1767 1338 1815 emnam
1356 1741 1416 1816 ds·

313 1943 317 1954 ι
334 1869 400 1941 ret,
418 1880 514 1926 omne
528 1881 634 1948 genus
649 1854 853 1939 venationis,
868 1853 1078 1955 speciemque
1090 1854 1201 1929 lerinae
1213 1856 1343 1942 earnm,
1359 1885 1416 1930 ra·

331 1968 392 2044 riis
418 1965 640 2040 condimentis
667 1965 821 2039 effinxit:
843 1967 891 2040 sic
917 1996 980 2063 ego
998 1969 1129 2044 easdem
1154 1970 1235 2044 istas
1258 1968 1414 2067 vulgares

334 2079 463 2184 epulas,
480 2099 521 2155 ut
535 2081 661 2168 caeteri,
680 2107 800 2182 nempe
817 2081 997 2170 Ovidium,
1015 2082 1113 2156 vobis
1134 2082 1328 2184 adponam,
1352 2086 1413 2162 sed

334 2196 400 2272 alio
417 2215 516 2297 pacto
540 2196 716 2285 condiam3
737 2195 823 2270 libet
834 2197 922 2270 enim
938 2199 1115 2294 magnifica
1130 2200 1229 2274 verba
1251 2201 1411 2292 sundere,

335 2334 374 2390 nt
389 2312 527 2410 gloriosi
545 2314 644 2415 coqui
662 2312 772 2389 solent
788 2314 825 2386 in
840 2312 1022 2389 comediis.
1045 2316 1178 2390 Tenuis
1191 2317 1254 2390 en't
1269 2318 1414 2395 forsitan

184 2493 190 2513 ,
339 2428 541 2531 adparatus;
566 2427 723 2502 nimirum
747 2428 784 2501 iu
805 2455 841 2503 re
860 2429 951 2502 tenui
969 2459 977 2502 :
996 2455 1203 2531 quanquam,
1229 2430 1258 2506 si
1276 2433 1413 2509 Maroni

341 2546 505 2623 credimus
519 2543 668 2649 apiculas
678 2574 759 2619 suas
765 2545 909 2644 :jactanti
922 2605 930 2633 ‚
947 2546 1070 2642 Georg.
1085 2548 1145 2635 lV,
1161 2545 1216 2620 6:-

499 2742 531 2797 lu
544 2743 618 2795 tenui
628 2742 718 2809 labor,
738 2751 764 2795 at
777 2743 863 2795 tenuis
872 2761 930 2826 non
941 2740 1041 2813 gloria,
1052 2744 1074 2797 si
1085 2762 1164 2815 quern

502 2840 619 2895 Numina
631 2838 694 2895 leva
706 2840 814 2907 sinunt,
828 2835 955 2911 auditque
968 2851 1074 2895 vocatus
1086 2842 1188 2913 Apollo.

306 3084 316 3117 χ
338 3019 414 3093 Huc
435 3016 538 3105 adde,
562 3016 655 3117 quod
673 3016 713 3090 ad
731 3018 1035 3117 interpretationem
1057 3020 1171 3094 Ovidii
1194 3022 1320 3120 passim
1341 3026 1412 3098 llo

338 3160 448 3209 merus
465 3132 692 3221 adhibendus,
716 3132 927 3207 advocandus
946 3160 1034 3235 saepe
1055 3135 1260 3236 Sophocles,
1286 3122 1413 3241 aliique

341 3274 451 3343 grace
479 3246 645 3347 principes
674 3246 868 3343 tragodioe:
892 3249 1123 3349 conquirenda
1155 3248 1413 3354 colligendaeque

338 3392 460 3464 sparsas
478 3391 515 3437 ac
531 3361 645 3437 lacerae
661 3380 835 3463 poetarum
850 3360 1014 3463 reliquia,
1032 3364 1090 3465 qui
1103 3362 1202 3439 lanne
1216 3394 1287 3439 eam
1300 3366 1412 3443 fabel-

279 3550 282 3569 ,
338 3480 404 3555 lam
427 3480 677 3583 expoliverunt,
700 3499 739 3553 nt
758 3480 872 3553 Attius
894 3498 927 3554 et
951 3482 1132 3568 Pacuvius,
1152 3483 1329 3586 omnisque
1351 3489 1412 3562 aeri

339 3592 550 3668 doctissimus
567 3595 617 3667 M.
636 3596 765 3667 Varro:
782 3621 844 3668 nec
861 3594 976 3667 Livius
985 3594 1200 3671 Andronicus
1212 3598 1412 3702 Enniusque

341 3726 422 3783 sunt
442 3708 743 3809 praetermittendi,
773 3736 861 3807 quos
879 3710 1015 3783 vertisse
1040 3714 1174 3811 Ajacem
1201 3712 1410 3816 ex'antiqnis

343 3823 563 3919 grammaticis
576 3824 817 3917 cognoscimus.
833 3826 963 3898 florum
974 3825 1004 3899 si
1020 3844 1183 3902 exstarent
1193 3828 1329 3925 integra
1341 3850 1412 3905 tra·

341 3941 477 4039 godin,
496 3940 613 4029 hodie,
627 3970 670 4015 ne
687 3941 768 4042 quid
785 3941 1007 4030 dissimulem,
1028 3944 1114 4018 nihil
1130 3946 1213 4020 milri
1229 3966 1318 4023 osset
1331 3976 1407 4023 cum

340 4058 464 4134 ovidio
477 4057 604 4153 negotii
626 4088 634 4130 :
655 4058 874 4159 nuum-quod
890 4059 999 4135 solum
1014 4059 1111 4153 licet,
1135 4090 1217 4139 cum
1233 4065 1408 4143 Ovidianis

340 4176 503 4255 conferam
523 4174 580 4253 illa
600 4176 798 4272 fragmenta,
816 4206 890 4278 quc
907 4206 1079 4280 superesse
1096 4182 1202 4259 voluit
1218 4202 1406 4290 temporum
