3017 5000
332 484 397 547 ato
663 480 702 543 P.
732 476 913 548 OVIDII
938 476 1079 543 VITA

329 620 385 693 ille
397 617 646 693 nobisomuino
668 617 818 707 videtur,
835 608 1003 718 quodlib.
1019 616 1091 689 lex
1103 614 1205 688 Pout.
1227 613 1339 717 Epist.
1358 634 1410 699 11,

330 738 372 811 ad
384 738 495 839 ipsum
507 736 645 811 Fabium
660 736 803 824 scribat,
819 764 904 810 vers
929 732 996 807 133
1010 763 1099 837 sqq:

496 882 542 941 llle
555 904 605 953 ego
618 884 663 955 qui
674 888 737 939 duxi
745 896 845 939 vestros
857 886 1011 957 Hymenaeon
1022 884 1055 938 ad
1066 884 1155 953 ignes,

524 966 561 1021 Et
572 972 657 1021 cecriu'
663 967 750 1021 lausto
760 971 876 1023 camin
886 966 967 1037 digua
978 978 1045 1021 toro.
1055 1000 1058 1005 -

499 1050 584 1120 Cujus
598 1062 623 1107 te
634 1052 740 1107 solitum
753 1053 865 1105 memini
879 1050 987 1105 laudare
1000 1051 1118 1118 libellos,

531 1135 652 1206 Exceptis
665 1136 775 1190 domino
787 1136 831 1205 qui
843 1154 959 1190 nocuere
969 1155 1033 1202 suo,
1046 1146 1096 1190 ete.

331 1254 413 1327 lnde
430 1254 554 1356 liquet,
572 1255 709 1329 Fabam
721 1255 850 1327 huncce
867 1272 946 1326 tunc
962 1254 1094 1327 demum
1109 1282 1245 1327 uxorem
1259 1252 1414 1339 duxisse,

332 1398 436 1469 quum
458 1370 523 1467 jam
546 1372 670 1443 Noster
693 1368 830 1441 caratiae
852 1366 997 1440 condere
1017 1366 1158 1454 'soleret3
1185 1366 1354 1468 siquidem
1375 1366 1415 1439 in

331 1486 401 1582 ejus
418 1484 579 1557 honorem
592 1481 821 1582 eptlholmmiim
834 1481 964 1556 cecinit.
981 1482 1086 1579 Quod
1099 1483 1133 1555 iu
1147 1481 1319 1559 consulem
1332 1484 1415 1556 anui

331 1606 375 1677 U.
391 1604 429 1676 C.
448 1620 607 1679 occulit
621 1602 867 1699 (Varroniaui)
884 1604 939 1675 vix
951 1602 1209 1703 eaderepotest;
1226 1603 1416 1692 eominus,

332 1715 426 1817 quod
438 1704 532 1790 illum
551 1714 694 1789 Ovidius
705 1716 847 1817 juvenem
864 1734 979 1806 vocat,
999 1717 1058 1819 qui
1077 1734 1187 1791 tamen
1209 1716 1264 1790 his
1281 1734 1416 1819 tempo-

330 1830 425 1904 ribus
445 1832 510 1930 jam
533 1859 626 1904 senex
642 1830 748 1918 soret,
765 1832 793 1905 si
809 1850 888 1905 xxti
905 1850 981 1906 aute
997 1830 1093 1905 annis
1111 1828 1323 1907 consulatum
1337 1859 1415 1926 ges-

332 1947 452 2023 sisset:
468 1976 507 2021 ex
525 1946 638 2021 Ponto
651 1946 711 2021 lib.
728 1950 784 2035 ll,
799 1948 910 2053 Epist.
929 1966 995 2038 111,
1017 1977 1099 2023 vers.
1118 1946 1187 2021 55:

497 2095 602 2150 Scilicet
612 2094 769 2165 indiguum,
781 2112 901 2151 Juvrms
912 2095 1061 2163 rarissime,
1074 2096 1146 2150 ducis

528 2182 569 2235 Te
581 2181 639 2235 fieri
650 2181 777 2236 comitem
788 2181 881 2235 stantis
894 2182 923 2234 in
936 2180 1000 2235 orbe
1011 2180 1085 2235 Dee..

328 2300 435 2373 Immo
453 2299 577 2373 Fabius
594 2298 710 2373 Ovidii
726 2300 852 2373 amicus
869 2297 1001 2400 aliquot
1021 2317 1100 2399 post
1124 2300 1289 2372 Nostrum
1313 2298 1413 2371 anuis

214 2435 218 2449 ’
330 2435 509 2506 natusest,
528 2434 568 2489 ut
584 2444 662 2489 mox
678 2414 801 2505 tradit,
826 2443 909 2491 vers.
927 2413 1062 2516 ⁶9·7²³

496 2565 584 2618 Movit
596 2562 718 2618 amicitie
729 2575 787 2617 tum
800 2573 826 2617 te
838 2562 985 2618 constantia
998 2561 1101 2632 louge,

525 2649 594 2700 Ante
606 2657 663 2701 tuos
674 2657 744 2700 ortus
754 2665 814 2716 que
824 2646 891 2700 mihi
903 2658 988 2717 coepta
1000 2647 1060 2701 tute

494 2733 529 2786 Et
543 2731 615 2800 quod
627 2751 684 2786 eres
696 2731 751 2786 aliis
763 2732 862 2799 laetus,
873 2735 937 2786 miti
946 2743 1023 2786 ratas
1035 2736 1153 2786 aurem:

527 2814 663 2886 Quodque
676 2817 847 2872 tibiucam
858 2817 946 2872 oscula
957 2818 1043 2888 prima
1055 2816 1133 2886 dedi,
1145 2826 1195 2872 ete.

374 2935 436 3006 Ill.
453 2931 609 3033 Epistola
627 2961 760 3035 quoque
777 2951 848 3006 νηί
865 2932 945 3007 libri
961 2935 1011 3008 lv
1027 2963 1066 3010 ex
1085 2935 1218 3020 Ponto,
1239 2953 1321 3034 post
1335 2935 1412 3008 Au-

328 3052 417 3147 gusti
434 3050 585 3139 obitum‚
608 3051 731 3154 scripta
750 3068 800 3125 est
818 3049 951 3143 Saittai,
979 3051 1039 3153 qui
1057 3049 1200 3125 Nasonis
1218 3050 1412 3151 privignam

326 3168 465 3242 duxerat
481 3195 619 3240 uxorem
644 3175 667 3242 ¹.
698 3168 828 3242 Ibidem
848 3168 936 3242 enim
965 3168 1181 3243 Germanicmn
1198 3165 1411 3267 adloquens,

322 3287 388 3374 ait,
406 3313 490 3359 vers.
511 3283 558 3356 63
577 3301 612 3358 et
627 3283 697 3378 64:

489 3431 525 3485 Et
537 3435 626 3494 moda,
641 3427 745 3496 Caesar,
758 3452 848 3499 aram,
860 3451 942 3502 quem
954 3433 1037 3486 virtus
1048 3431 1150 3485 addidit
1161 3431 1254 3496 ostris,

525 3517 670 3570 Sacraruut
681 3516 767 3586 aliqua
778 3517 897 3570 carmina
910 3527 983 3585 parte
995 3524 1071 3570 trem,

325 3631 540 3709 Germanicus
560 3661 680 3735 nempe
700 3634 884 3734 adoptatus
896 3663 915 3706 a
927 3634 1089 3722 Tiberio,
1113 3661 1214 3733 quiem
1226 3633 1412 3727 Augustus

320 3751 555 3852 adoptaverat,
583 3781 672 3825 aomo
698 3751 819 3824 habuit
841 3755 1044 3848 Augustum.
1067 3749 1159 3825 Illud
1182 3767 1294 3824 autem
1315 3747 1413 3822 modo

319 3864 503 3962 siguificat,
519 3885 554 3940 et
566 3867 652 3942 hane
663 3864 851 3968 Epistolam
861 3923 871 3956 ‚
883 3885 917 3942 et
929 3869 1046 3968 ipsum
1059 3869 1095 3942 iu
1107 3867 1255 3963 Augusti
1263 3883 1412 3942 mortem

319 4013 426 4088 opus,
446 3985 509 4059 sub
532 3985 634 4083 hujus
655 3985 736 4057 anni
758 3983 879 4073 finem,
909 3985 961 4060 vel
984 4015 1151 4061 summum
1172 3985 1236 4060 sub
1259 3983 1413 4087 proximi

317 4101 537 4202 principium,
558 4099 660 4174 luisse
679 4099 827 4174 condita.

349 4263 356 4291 ¹
377 4258 444 4312 Vide
457 4277 523 4313 vers.
538 4278 623 4331 pm,
638 4268 665 4311 et
675 4277 731 4326 sup.
746 4276 803 4327 pag.
820 4264 873 4311 1²5.
