3017 5000
331 460 392 525 133
663 462 701 526 P.
733 460 916 529 OVIDII
942 460 1073 529 VITA

326 598 447 685 tradit,
462 598 522 699 qui
535 596 576 673 ad
588 586 639 674 ab.
655 602 697 673 U.
710 603 749 675 C.
760 618 962 688 mcxxxttl,
974 598 1091 673 addit:
1109 600 1330 689 «Omnibus,
1345 602 1401 702 qui

328 747 346 779 o
367 714 609 816 quadringenta
625 718 777 793 sestertia
792 722 888 815 (δέκα
903 722 1074 813 μυριάδων,
1098 715 1225 792 scilicet
1240 716 1402 791 dmcduro-

327 864 346 897 ι)
364 862 453 918 man,
479 851 520 907 ut
543 834 669 936 optime
691 836 759 935 jam
788 834 917 910 dudum
935 835 987 911 Cl.
1006 835 1201 910 Perizonius
1217 845 1226 875 ¹
1243 836 1413 935 monuit)¹

219 1016 223 1025 .
327 980 345 1012 a
366 949 597 1050 possiderent,
621 970 655 1026 ct
672 952 798 1053 quibus
814 952 1029 1049 magistratus
1053 980 1165 1049 gerere
1181 980 1243 1053 per
1256 952 1347 1049 leges
1361 950 1402 1025 li·

329 1097 346 1127 »
366 1084 471 1155 reret,
491 1096 607 1143 eorum
623 1068 850 1171 petendorum
870 1088 1072 1171 potestatem
1087 1068 1189 1144 dedit.
1205 1070 1307 1143 Hunc
1319 1067 1403 1143 euim

329 1214 346 1245 ν
367 1185 570 1259 senatorium
588 1214 745 1274 censum,
766 1194 799 1261 τό
817 1194 1007 1261 Βουλευτικὸν
1020 1196 1150 1282 τίμημα,
1169 1185 1264 1286 prius
1281 1186 1403 1260 consti·

328 1328 346 1361 o
367 1316 475 1373 tuerat
492 1358 501 1389 ,
525 1329 624 1402 quem
640 1302 759 1378 deiude
776 1330 883 1405 usque
901 1304 944 1379 ad
960 1304 1070 1379 decies
1088 1302 1278 1377 sestertium
1291 1318 1406 1403 proto·

330 1449 347 1481 o
367 1414 431 1489 lit:
452 1451 468 1483 o
485 1437 586 1519 atque
604 1420 703 1495 etiam
719 1438 892 1521 postremo
909 1420 952 1495 ad
970 1419 1130 1495 duodcres
1142 1419 1238 1493 R·S.·
1250 1446 1311 1492 seu
1326 1418 1405 1492 duo-

327 1534 435 1610 decies
453 1553 591 1611 ceutena
606 1536 726 1625 millia,
742 1557 849 1639 prout
867 1538 1052 1613 Suetonius
1071 1546 1084 1575 ²
1101 1536 1237 1611 indicat.

375 1652 428 1725 Ex
446 1651 571 1752 quibus
590 1652 717 1754 liquet,
742 1655 793 1729 sas
820 1656 946 1730 Ouidio
963 1655 1067 1730 fuisse
1085 1671 1166 1758 post
1185 1649 1275 1727 bella
1304 1648 1408 1724 civilia

326 1766 434 1868 sopita
461 1768 501 1842 ad
525 1770 595 1845 haec
621 1800 729 1872 usque
745 1790 918 1873 tempora,
933 1774 971 1846 in
989 1771 1114 1875 quibus
1132 1798 1322 1857 versamur
1340 1794 1405 1840 mo-

320 1884 491 1983 gestrutus,
513 1911 574 1985 per
592 1912 680 1985 quos
696 1886 739 1959 ad
758 1904 908 1961 senatum
924 1905 993 1961 erat
1010 1886 1138 1974 aditus,
1155 1901 1288 1985 petere,
1306 1881 1405 1957 modo

325 2000 549 2103 quadringenta
564 2004 664 2077 uu'llrir
681 2004 848 2079 babuerit.
867 2006 954 2103 Quae
970 2030 1182 2105 nequaquam
1198 2032 1228 2077 er
1217 2000 1405 2088 defuisse,

326 2117 446 2193 exinde
462 2118 619 2215 colligere
642 2138 733 2195 certo
757 2150 958 2223 possumus,
988 2121 1080 2223 quod
1106 2145 1222 2220 reapse
1245 2118 1285 2191 id
1307 2142 1407 2214 genus

326 2239 577 2333 magistratibus
588 2238 795 2328 sitfunctus,
813 2270 849 2316 ac
860 2239 1195 2315 lato‘claroiudutus.
1206 2236 1408 2336 Quinetiam

326 2352 397 2427 lraec
417 2353 525 2429 suerat
549 2373 627 2431 autc
652 2384 782 2431 summa
802 2384 923 2432 census
945 2358 1091 2456 equestn's
1111 2384 1152 2431 ex
1176 2354 1248 2452 lege
1265 2352 1406 2439 Roscia,

328 2470 415 2545 sicut
430 2470 481 2546 vel
498 2473 660 2550 Horatius
678 2474 777 2549 docet
793 2472 852 2549 lib.
871 2474 909 2565 l,
927 2476 991 2576 Ep.
1011 2492 1046 2563 t,
1064 2503 1147 2549 vers.
1167 2473 1212 2577 57
1230 2504 1240 2548 :

492 2619 522 2674 Si
535 2625 742 2689 quadragenos,
756 2641 818 2689 sex,
829 2631 931 2691 septem
943 2619 1025 2676 millia
1037 2621 1151 2686 desunt,

491 2714 541 2767 Est
553 2714 658 2772 animus
672 2713 731 2780 tibi,
746 2725 811 2768 sunt
820 2733 925 2780 mores,
937 2723 966 2767 et
977 2711 1083 2784 lingua,
1096 2711 1232 2782 fidesque3

491 2807 568 2857 Plebs
579 2803 649 2870 eris,
663 2814 712 2858 etc.

494 2897 616 2962 RoscrA,
630 2895 672 2950 dic
685 2894 775 2961 sodes,
789 2895 885 2949 melior
895 2898 953 2958 Iex,
966 2915 1000 2948 an
1012 2913 1160 2965 puerorum

493 2985 603 3052 Nauia,
622 3005 681 3054 qum
694 3005 809 3056 regnum
820 2997 892 3041 recte
903 2985 1062 3042 facientibus
1075 2985 1164 3039 oll'ert.
1262 2987 1265 2992 ’

328 3108 398 3178 Nec
421 3103 494 3178 aliis
523 3103 649 3178 licebat
671 3103 707 3177 iu
735 3123 799 3178 xtv
817 3105 936 3179 theatri
952 3104 1129 3179 ordinibus
1146 3103 1280 3192 sedere;
1307 3131 1409 3204 quum

331 3241 417 3298 esset
426 3253 464 3299 ea
473 3223 664 3324 IegeRoscio
672 3221 879 3297 decocton'bus
890 3237 988 3297 certus
999 3223 1084 3296 locus
1098 3222 1293 3310 constitutus,
1304 3251 1410 3325 quoru-

330 3343 373 3418 or's
385 3344 452 3446 quis
454 3343 597 3439 fhrtunoe
612 3341 707 3428 viteis,
730 3371 790 3415 non
804 3370 860 3415 suo
872 3340 1043 3416 decoxr'sset
1054 3339 1080 3413 ³.

379 3455 483 3555 Quod
500 3473 609 3531 tamen
625 3458 803 3553 Augustus
819 3457 866 3532 ita
881 3453 1095 3558 temperavit,
1113 3473 1153 3529 ut
1172 3487 1189 3520 o
1218 3483 1323 3556 quum
1340 3451 1407 3558 ple·

335 3611 352 3642 »
372 3575 468 3676 rique
486 3575 654 3676 equitum,
673 3576 790 3649 attrito
808 3570 963 3647 civilibus
979 3570 1078 3647 bellis
1095 3569 1318 3673 patrimonio,
1340 3597 1412 3671 spe·

336 3727 353 3757 u
375 3711 467 3767 ctare
483 3689 584 3768 ludos
599 3721 616 3766 e
633 3691 884 3793 quatuordecim
903 3720 973 3764 nou
993 3691 1173 3778 auderent,
1199 3704 1291 3763 metu
1307 3711 1412 3789 poeua

367 3898 375 3925 ¹
393 3891 504 3946 Dissert.
516 3891 606 3946 Triad.
618 3911 643 3961 p.
660 3894 724 3961 174,
741 3891 787 3946 ubi
801 3892 931 3963 optimam
949 3889 1112 3948 Suetonium
1127 3905 1192 3943 eum
1209 3885 1301 3941 Dium
1319 3882 1414 3939 eonci-

334 3979 414 4034 liandi
430 3977 588 4033 methodum
604 3977 754 4048 proposuit,
768 3999 847 4048 quarn
859 3976 1008 4056 posteaUCl.
1026 3977 1147 4032 Gravius
1156 3994 1205 4030 suo
1217 3970 1340 4045 probavit
1357 3968 1413 4024 oal-

333 4064 410 4130 rulo,
431 4064 493 4119 Not.
506 4061 539 4116 ad
551 4062 626 4118 Suet.
642 4063 710 4133 Aug.
724 4081 780 4134 cap.
792 4066 832 4129 4¹·

364 4159 377 4186 ²
394 4155 424 4208 ln
437 4155 505 4224 Aug.
523 4173 577 4223 cap.
589 4159 629 4222 4¹·

367 4245 377 4276 ³
396 4245 491 4301 Cicero
500 4244 595 4316 Philip.
611 4245 646 4298 ll.
