3017 5000
297 466 357 529 188
630 469 669 534 P.
699 468 877 537 OVIDII
907 468 1035 536 VITA

290 632 364 678 rum
382 622 470 678 recte
488 606 648 681 Ovidium
667 608 936 709 reprehendisse,
953 606 1049 708 qnasi
1066 634 1170 706 quum
1185 621 1284 706 poeta
1297 604 1371 693 ait,

291 720 429 822 Postque
442 752 523 799 rocos
535 740 619 799 ortus
630 743 692 800 etc.
711 726 898 802 Abstulerat
905 722 1009 799 'decies
1018 742 1081 799 ete.
1099 724 1276 798 dicendum
1288 722 1372 795 fnis-

292 856 357 925 set,
378 838 413 912 T
409 868 444 913 er
458 840 529 913 tolr't
539 857 571 914 et
584 841 681 916 decr'ss
694 862 757 917 etc.

340 954 393 1027 Ex
409 956 563 1055 superius
580 986 682 1058 porro
700 955 859 1032 discussis
874 974 969 1056 patet
984 982 1120 1057 quoqne
1134 952 1282 1030 tlemus
1295 950 1374 1026 Cio·

280 1066 483 1165 scalenon,
503 1102 606 1173 quum
625 1075 660 1147 in
679 1072 795 1148 Ovidii
816 1073 893 1147 Vita
919 1073 967 1145 sie
983 1072 1101 1147 scribit
1121 1100 1129 1144 :
1153 1105 1172 1136 κ
1194 1069 1374 1143 Profectus

297 1218 314 1249 >³
336 1204 446 1262 autem
462 1207 515 1263 est
526 1189 561 1261 in
580 1188 733 1269 exsilium
745 1206 785 1263 lv
803 1186 883 1261 Idus
897 1188 1114 1273 Decembris,
1131 1214 1255 1260 annum
1267 1212 1375 1278 agens

297 1333 314 1363 »
335 1320 370 1385 L,
388 1330 517 1377 menses
533 1322 602 1390 VII,
619 1304 689 1377 dies
705 1330 782 1377 vero
802 1322 875 1377 ΧΠ.
899 1336 917 1369 s
933 1306 1065 1378 Bonum
1076 1304 1184 1377 virum
1195 1299 1311 1375 calculi
1324 1299 1376 1373 fe-

293 1412 459 1489 fellerunt.
479 1417 611 1491 Etenim
631 1447 734 1519 quum
752 1418 919 1506 faturum·
930 1420 1098 1494 Nasonem
1115 1439 1165 1493 xx
1184 1416 1300 1491 Martii
1316 1444 1374 1489 an.

294 1532 337 1603 U.
359 1532 396 1605 C.
422 1550 528 1607 bccxt
555 1552 671 1609 natum
695 1562 788 1621 esse;
814 1535 1025 1610 manifestum
1048 1549 1124 1620 est,
1150 1552 1221 1607 thl
1242 1560 1378 1607 menses

295 1645 431 1747 diesque
453 1668 532 1735 xxt,
557 1650 599 1724 ab
616 1649 674 1723 iIIo
690 1652 807 1725 Martii
826 1651 880 1725 die
896 1652 1063 1727 numerari
1079 1650 1122 1725 acl
1137 1669 1178 1723 lv
1194 1649 1292 1733 Idus,
1311 1677 1378 1723 sen

299 1782 321 1834 x
338 1763 532 1839 Decembris
550 1765 648 1839 diem.
660 1766 798 1874 ‘Deinde
813 1795 929 1842 versus
942 1794 982 1841 ex
995 1767 1097 1841 Trist.
1112 1764 1172 1841 lib.
1191 1768 1225 1856 I,
1238 1762 1377 1867 EIJV,

298 1876 334 1950 T
330 1878 444 1977 riegrim
464 1878 590 1953 Oceano
607 1896 706 1955 custos
722 1900 784 1956 etc.
807 1882 898 1981 (vid.
917 1910 992 1984 sup.
1010 1912 1043 1956 n.
1064 1885 1111 1976 2)
1134 1882 1268 1957 minime
1290 1864 1378 1983 pio·

295 1990 374 2082 bat,
396 1996 554 2069 Ovidium
565 2014 605 2069 tv
618 1996 699 2070 Idus
710 1997 907 2073 Decembris
917 2001 1025 2075 Roma
1037 1997 1235 2073 discessisse.
1248 1999 1378 2072 Aucto

295 2108 393 2183 ritate
407 2111 541 2213 quidem
558 2110 663 2189 Clarii
675 2144 712 2189 ac
725 2116 861 2216 Bargoei
867 2114 974 2191 fultus
985 2114 1028 2193 ad
1041 2143 1118 2191 enm
1132 2113 1245 2190 Iocum
1256 2130 1375 2198 notat,

295 2230 476 2321 Arcturum
507 2260 546 2306 eo
570 2232 623 2305 ‹Iie
645 2234 799 2308 chronice
815 2234 984 2312 occidisse.
1007 2236 1132 2307 Verum
1148 2251 1189 2307 nt
1205 2232 1378 2307 berron

295 2341 474 2435 vellantur,
499 2366 619 2447 prater
635 2376 670 2421 ea
693 2348 847 2452 superius
864 2348 926 2423 hac
946 2347 1038 2422 dere
1061 2347 1161 2421 nobis
1178 2347 1376 2433 observata,

295 2458 484 2536 addendum
503 2462 595 2563 quod
618 2463 759 2565 ipsemet
782 2461 941 2540 Ciosanus
965 2461 1171 2561 subjungit:
1203 2459 1378 2535 «Plinius

300 2609 317 2640 »
338 2595 447 2655 tamen
458 2637 468 2668 ‚
479 2579 539 2655 Iib.
555 2584 688 2670 XVIII,
703 2610 774 2682 rap.
789 2581 848 2667 31,
862 2601 901 2654 tv
911 2583 1027 2655 Nonas
1035 2578 1236 2654 Novembris
1247 2580 1378 2652 Arctu-

299 2723 316 2752 »
337 2719 411 2764 rum
427 2694 555 2794 vesperi
573 2694 719 2769 occidere
736 2694 864 2769 scribit.
882 2729 898 2760 »

346 2809 387 2878 V.
409 2808 484 2882 Jam
506 2809 637 2884 demum
654 2840 716 2885 nos
732 2812 774 2885 ad
790 2811 894 2887 exsr'luu
910 2811 1069 2886 Ovidiani
1091 2837 1215 2884 coruom
1232 2836 1378 2884 conver-

298 2940 417 2999 tamus.
438 2927 614 3030 Duplicenr
631 2930 702 3031 ipse
718 2948 816 3030 poeta
839 2932 962 3033 passim
986 2929 1110 3004 indicat
1131 2959 1140 3001 ε
1163 2925 1313 3014 alteram,
1330 2956 1377 3003 ex

296 3042 380 3118 Arte
404 3046 572 3118 Amatoria
594 3045 798 3133 desumtam‚
816 3065 931 3148 aperte
947 3045 1117 3122 declarat:
1138 3043 1276 3119 alteram
1291 3071 1374 3119 vern

296 3160 422 3260 aperire
432 3161 564 3258 refugit.
584 3159 679 3236 Illam
695 3163 837 3264 sapius,
852 3191 891 3236 ae
899 3161 1080 3264 prasertim
1094 3178 1169 3238 tom
1181 3162 1250 3234 fere
1263 3160 1371 3236 Trist

294 3278 353 3353 lib.
379 3283 436 3364 II,
462 3280 503 3356 ad
527 3283 719 3378 Angustum
749 3279 983 3383 apologetico,
1017 3279 1183 3354 vindicare
1205 3296 1373 3354 conatur:

296 3395 382 3470 hanc
398 3423 475 3469 vero
495 3394 572 3470 licet
587 3396 760 3470 nominare
782 3423 852 3469 non
877 3423 978 3469 ansus
1004 3395 1066 3483 sit,
1083 3395 1193 3468 erron's
1210 3403 1219 3434 ¹
1242 3411 1375 3469 tantmn

297 3511 396 3588 titulo
414 3513 483 3589 suis
504 3515 649 3616 imputat
664 3512 790 3602 oculis,
807 3543 876 3588 non
892 3513 1016 3598 sobri,
1035 3510 1129 3613 quod
1147 3527 1338 3587 constanter
1353 3541 1376 3585 a

296 3656 332 3704 se
348 3650 503 3706 removet.
525 3633 613 3706 Hinc
629 3631 717 3706 baud
735 3631 877 3719 mirum,
894 3629 922 3704 si
938 3629 1034 3704 ranae
1047 3627 1172 3705 fuerint
1183 3627 1224 3701 de
1239 3627 1306 3702 hoc
1319 3655 1376 3701 er·

296 3772 364 3818 rore
379 3748 594 3845 conjecturae,
618 3747 796 3824 silentibus
819 3749 918 3822 etiam
933 3746 1102 3822 historicis
1123 3746 1375 3847 antiquioribus

294 3891 384 3938 nunc
398 3864 645 3964 superstitibus.
675 3865 895 3965 Sequioribus
909 3862 1045 3966 quidem
1066 3861 1186 3937 seculis
1202 3861 1377 3937 existima-

293 3997 393 4066 runt,
411 3979 572 4052 Nostrum
588 3981 717 4052 Tomos
734 3979 895 4068 missum,
914 3977 1006 4078 quod

326 4155 335 4184 ¹
354 4153 413 4206 Hac
424 4151 457 4205 ds
471 4172 533 4208 voce
545 4153 604 4208 ride
616 4154 702 4208 IIenr.
718 4151 844 4224 stephan.
859 4152 1014 4208 Comment.
1027 4150 1061 4206 ‹Ie
1073 4149 1173 4206 Gener.
1186 4150 1269 4221 Epist.
1282 4147 1372 4205 Cicer.

294 4255 351 4308 pag.
366 4255 402 4292 nr.
419 4240 472 4305 142.
