3017 5000
338 446 401 539 195
679 448 717 511 p.
745 447 1081 544 ov1n11v1rs

333 619 352 653 s
375 605 515 661 constat.
539 620 556 651 u
577 588 632 660 sie
652 586 772 661 doctus
794 588 845 659 vir
865 588 936 662 baec
960 586 1107 663 illustrat
1123 587 1231 663 Taciti
1248 590 1350 664 verba
1370 591 1408 665 dc

331 706 487 793 Tiberio,
507 706 564 806 qui
582 704 730 780 Silanum
745 706 781 778 in
799 706 941 807 patriam
957 705 1116 781 reuocans
1133 708 1284 796 dicebat,
1299 708 1410 812 idjure

330 825 463 911 licitum,
477 824 623 926 quianon
637 824 916 911 unctusconsulto,
939 854 1001 898 non
1017 826 1083 927 lege
1091 826 1301 927 pulsusfimt.
1326 829 1410 925 Quae

332 936 429 1011 illum
447 938 594 1011 Nasonis
620 966 756 1039 quoque
773 937 882 1013 locum
901 939 1037 1013 mirifice
1054 938 1254 1030 dilucidant,
1269 942 1361 1015 sicut
1380 960 1411 1015 ct

330 1051 415 1139 alia,
431 1051 491 1126 ubi
505 1052 625 1173 similia
642 1054 747 1141 canit;
768 1084 808 1128 cx
821 1056 946 1156 quihus
958 1056 1029 1129 baec
1041 1055 1180 1158 insuper
1193 1056 1409 1160 adposuisse,

331 1197 401 1242 non
419 1170 483 1244 erit
501 1198 763 1271 supervacuum:
782 1172 885 1245 Trist.
904 1171 963 1246 lib.
982 1174 1025 1260 V,
1041 1172 1135 1271 Eleg.
1154 1194 1202 1263 11,
1220 1175 1410 1272 Augustum

331 1283 540 1387 adloquens,
560 1314 642 1361 vers.
665 1285 800 1361 55-58:

503 1438 546 1491 Ira
557 1433 666 1503 quidem
679 1433 818 1487 moderata
829 1443 873 1487 tua
885 1446 924 1488 est
934 1456 941 1498 ;
954 1435 1087 1506 vitamque
1099 1436 1209 1492 dedisti:

532 1518 589 1573 Nec
603 1518 668 1571 mibi
675 1520 724 1586 jus
736 1522 815 1579 cr'erk,
833 1534 883 1573 nec
893 1518 960 1572 mibi
973 1538 1075 1575 nornen
1086 1525 1167 1576 abest.

497 1604 554 1659 Nec
565 1620 621 1656 mea
634 1621 756 1657 concessa
768 1612 807 1657 est
818 1603 874 1657 aliis
879 1604 988 1672 soum
999 1625 1008 1657 .·
1022 1624 1074 1660 uec
1085 1621 1173 1663 usur.

532 1690 626 1741 Edicta·
633 1686 719 1741 verbis
730 1688 859 1741 nominor
872 1682 926 1756 ipse
937 1692 979 1741 tui
984 1726 992 1751 ,
1003 1698 1054 1741 etc.

332 1817 387 1890 Sic
404 1834 437 1892 et
453 1816 505 1891 El.
527 1836 584 1904 xl,
604 1846 622 1891 a
639 1845 722 1892 vers.
742 1844 766 1917 9
783 1842 790 1885 :

499 1965 609 2021 Fallitur
623 1966 672 2019 iste
686 1977 792 2029 tamen,
805 1986 859 2035 quo
872 1964 961 2037 judice
972 1966 1100 2019 nominor
1110 1980 1205 2020 mur..

534 2050 644 2104 Mollior
656 2062 695 2104 est
706 2052 812 2121 culpam
826 2070 904 2122 poena
916 2062 1005 2107 secuta
1016 2070 1104 2105 meam
1116 2092 1124 2117 ‚
1136 2062 1186 2107 erc

495 2133 553 2187 Nec
564 2138 659 2197 uttam,
673 2152 723 2187 nec
734 2152 874 2201 opes,fncc
876 2134 926 2203 jus
939 2133 1006 2187 mibi
1016 2140 1080 2189 cior's
1092 2131 1207 2196 ademit3

533 2218 604 2288 Qua
616 2216 703 2271 merui
714 2218 779 2271 vitio
791 2217 904 2288 perdere
916 2227 1010 2271 cuncta
1021 2236 1091 2271 meo.

498 2301 553 2359 Sed
565 2304 627 2371 quia
639 2313 745 2372 peccato
761 2302 862 2356 lucinus
875 2320 931 2355 nou
941 2300 1025 2355 adluit
1037 2300 1091 2367 illi,

530 2388 574 2441 Nil
586 2388 636 2441 nisi
649 2406 693 2440 me
705 2386 796 2455 patriis
807 2387 882 2455 jussit
892 2386 980 2440 abesse
992 2386 1064 2440 locis.
1240 2456 1244 2461 ,

497 2472 590 2542 thue
602 2470 673 2539 aliis,
686 2490 832 2526 numerum
843 2490 959 2542 qnorum
968 2470 1161 2542 comprendere
1172 2464 1230 2526 uon
1242 2480 1302 2538 est,

533 2556 687 2611 Caesareum
701 2575 821 2623 numen,
834 2557 871 2610 sic
882 2556 965 2623 mibi,
977 2557 1042 2610 mite
1054 2557 1114 2610 luit.

502 2641 560 2711 lpse
573 2651 728 2708 usuum,
740 2659 798 2693 non
809 2657 923 2696 usum
935 2641 1019 2693 utitur
1032 2642 1059 2693 in
1071 2659 1113 2694 me

532 2725 648 2780 Nomine
661 2744 668 2778 τ
682 2735 739 2778 tuta
751 2744 800 2779 suo
813 2724 901 2794 iudice
912 2744 989 2778 causa
1001 2743 1061 2778 mea
1071 2733 1124 2792 est,
1137 2734 1186 2778 etc

381 2853 475 2926 Vlll.
493 2853 533 2924 ln
541 2875 734 2950 poenoevero
746 2866 875 2952 partem
885 2847 1031 2923 Nasonis
1043 2847 1122 2921 libri
1137 2873 1272 2934 venere3
1287 2847 1418 2950 quippe

336 2966 393 3068 qui
413 2995 431 3039 a
454 2964 563 3038 tribus
581 2961 768 3036 bibliothecis
797 2965 914 3036 Roma
937 2961 1085 3064 publicis
1110 2962 1229 3035 remoti
1257 2961 1352 3048 sint,
1378 2979 1418 3036 ut

333 3083 473 3185 ipsemet
490 3080 659 3183 queritur,
676 3080 780 3152 Trist.
799 3078 858 3153 lib.
880 3082 949 3166 Ill,
967 3079 1060 3174 Eleg.
1081 3098 1112 3166 1,
1131 3078 1190 3152 ubi
1211 3075 1296 3152 liber
1311 3076 1425 3152 indu-⁴

335 3196 438 3306 citur,
458 3196 554 3296 quasi
569 3193 713 3297 primum
730 3193 893 3293 Apollinis
904 3192 1047 3266 Palatini
1060 3190 1302 3266 bibliothecam
1317 3192 1419 3266 adiis-

282 3323 287 3338 '
335 3331 401 3400 set,
419 3339 502 3386 vers.
519 3307 655 3409 lio-69:

425 3453 428 3460 ’
535 3459 627 3512 Ducor
638 3455 671 3510 ad
683 3461 782 3510 cbtonsr‘
789 3453 902 3509 candida
914 3455 1013 3524 templa
1024 3457 1084 3509 Dei.

503 3543 584 3612 Signa
596 3539 742 3611 peregrinis
754 3539 798 3590 ubi
809 3547 872 3591 sunt
885 3537 985 3590 alterno
998 3538 1127 3591 columnis

536 3625 658 3689 Belides,
672 3634 698 3677 et
710 3623 801 3676 stricto
812 3622 937 3675 barbarus
948 3641 1010 3675 ense
1024 3633 1097 3693 pater
1107 3625 1116 3655 ¹
1127 3642 1134 3676 :

503 3708 624 3779 Quaeque
638 3709 687 3760 viri
699 3707 778 3761 docto
791 3718 893 3761 veteres
905 3727 999 3776 repere
1010 3707 1126 3776 novique

538 3793 666 3858 Pectore,
680 3790 785 3842 lecturis
796 3788 958 3858 inspicienda
970 3799 1070 3858 patent.

499 3851 771 3944 Querebamlratres
782 3873 911 3940 (libros),
927 3874 1040 3940 exceptis
1050 3871 1147 3926 scilicet
1156 3873 1205 3929 illis
1213 3876 1243 3940 ¹,

536 3957 613 4028 Quos
623 3977 685 4012 suus
698 3967 803 4028 optaret
813 3975 869 4010 nou
880 3959 999 4027 genuisse
1011 3977 1113 4027 parens.

366 4133 374 4162 ¹
394 4126 464 4180 Vide
476 4144 534 4195 qua
547 4125 697 4180 notavimus
709 4124 737 4177 in
751 4123 848 4177 Horat.
861 4121 942 4190 Vite,
953 4143 1011 4193 pag.
1022 4125 1073 4178 288
1084 4143 1141 4193 sqq.

364 4221 375 4250 ²
394 4218 449 4272 Lib.
462 4237 559 4289 nempe
571 4216 604 4270 dc
620 4217 686 4271 Arte
702 4215 845 4270 Amatoria.
