3017 5000
440 486 539 555 eun
563 488 595 554 J.
622 486 851 557 Missos.
1119 490 1186 583 237

115 624 264 727 scripsit,
286 653 325 698 ac
342 622 384 698 cl.
404 623 554 699 Febretti
575 634 583 663 ¹
603 625 771 722 vulgavit,
787 654 886 727 quem
902 653 980 701 vero
998 630 1195 703 centumviri

115 740 285 843 municipii
310 741 457 836 Augusti
481 740 630 815 Veientis
644 742 679 816 in
698 744 864 816 honorem
880 741 978 815 istius
1006 741 1127 817 Getots's
1147 745 1190 817 D.

114 860 254 954 Augusti
284 856 399 932 liberti
428 876 688 945 consecrarunt,
713 860 914 933 Gmrunco
944 876 987 931 ΕΤ
1015 858 1192 935 CALvlslo

37 1012 38 1015 ¹
114 974 248 1051 Stltttto
267 994 360 1050 coss.
378 975 443 1049 hoc
462 994 533 1063 est,
551 1003 639 1049 anno
656 979 698 1049 U.
720 980 757 1051 C.
777 994 972 1051 Dcctxxlx.

154 1096 209 1167 An
229 1112 342 1168 autem
364 1092 544 1179 Gorsium,
562 1092 722 1168 suffectus
741 1094 861 1168 consul
874 1150 885 1182 ‚
900 1094 1003 1169 suerit
1014 1094 1186 1182 terrestris,

112 1226 143 1283 nt
160 1207 200 1283 cl.
218 1210 356 1285 Norisio
374 1210 499 1297 visum,
523 1208 653 1284 definiri
683 1228 774 1285 certo
794 1210 924 1311 nequit.
950 1211 1087 1286 Etenim
1115 1209 1194 1283 licet

112 1323 169 1397 snb
184 1325 346 1419 Augusto
362 1322 508 1397 solerent
526 1321 680 1398 consules
694 1322 828 1398 suffecti
841 1352 912 1397 esse
926 1340 1081 1398 semestres
1094 1352 1112 1397 a
1126 1324 1192 1397 kal.

111 1438 203 1512 tulit
220 1437 264 1513 ad
282 1436 381 1511 finem
399 1466 506 1539 usque
524 1440 623 1525 auni3
640 1456 788 1515 attamen
812 1470 865 1515 res
889 1440 979 1513 haud
1002 1456 1194 1516 constanter

112 1556 220 1629 eodem
235 1554 338 1629 modo
356 1583 392 1629 se
407 1554 528 1629 hebuit
543 1554 683 1631 Tiberio
701 1556 863 1657 principe.
884 1591 903 1622 α
923 1559 980 1643 Is,
1006 1574 1090 1630 teste
1102 1556 1194 1631 Dio·

113 1705 128 1735 »
147 1700 189 1745 ne
206 1679 243 1757 ²,
262 1668 427 1771 quosdam
443 1697 532 1745 coss.
548 1668 590 1745 ad
612 1670 772 1767 longius,
789 1671 873 1747 alios
887 1670 931 1745 sd
947 1671 1084 1745 brevius
1101 1690 1193 1747 tem-

114 1821 129 1851 »
145 1788 240 1889 poris
258 1787 406 1888 spatium
425 1786 646 1882 designabat:
664 1788 812 1889 itemque
829 1787 1014 1863 nonnullos
1030 1788 1128 1862 etiarn
1147 1788 1192 1860 ci-

113 1936 128 1967 »
145 1904 231 1989 tius,
243 1930 345 2003 quarn
360 1902 608 1991 constituisset,
625 1901 701 1976 loeo
715 1902 870 1977 movebat
882 1932 890 1991 ;
904 1900 997 1989 aliis,
1011 1920 1051 1976 ut
1064 1902 1192 1977 diutius

114 2054 130 2085 n
149 2020 184 2094 in
199 2021 398 2115 magistratu
412 2038 540 2107 essent,
560 2020 788 2109 concedebat,
806 2038 867 2095 etc.
885 2054 904 2085 »
919 2020 1003 2095 lude
1019 2040 1084 2111 est,
1100 2021 1193 2124 quod

112 2138 143 2213 in
157 2138 346 2235 fragmento
358 2138 536 2213 Fastorum
549 2138 801 2241 municipaliruu
814 2138 905 2241 apud
924 2138 1105 2217 Gruteurm
1119 2138 1130 2178 ³
1146 2141 1191 2214 si-

111 2270 251 2349 gnentur
268 2282 357 2329 coss.
375 2254 510 2352 suffecti,
534 2253 669 2353 quidam
690 2272 744 2327 vll
759 2255 815 2328 ΙΙ).
833 2255 922 2327 Mu.
939 2252 994 2327 alii
1011 2272 1092 2329 KAL.
1106 2256 1189 2329 JUI..

112 2368 161 2443 atii
175 2388 256 2445 m.
272 2388 351 2445 oct.
367 2372 494 2458 Immo,
512 2397 616 2470 quum
631 2370 796 2471 exprimo
813 2367 922 2470 lapide
940 2369 983 2444 Ρ.
998 2369 1190 2470 Pomponius

110 2482 171 2580 jam
190 2485 361 2558 1111NON.
384 2502 463 2556 MAI.
483 2482 601 2558 consul
618 2483 735 2574 suerit,
752 2483 831 2560 inde
850 2484 978 2558 corruit
994 2513 1094 2560 omne
1114 2484 1189 2586 opi·

111 2600 216 2674 nionis
240 2600 428 2674 Norisianae
453 2597 725 2688 fundamentum
749 2629 808 2674 nce
832 2600 1010 2675 verisimile
1035 2603 1190 2690 videtur,

111 2743 179 2790 eum
198 2713 376 2790 consulatu
392 2714 516 2790 abiisse
528 2734 604 2790 ante
619 2716 817 2792 Decembris
830 2717 941 2791 fiuent.

154 2835 196 2906 lt.
215 2834 283 2920 Ea,
302 2831 451 2932 quumvis
467 2831 617 2934 prolixa,
635 2861 707 2908 uon
722 2832 927 2908 videbuntur
943 2851 1053 2908 tamen
1073 2862 1189 2935 super-

111 2978 225 3040 vacua,
245 2979 353 3050 quum
363 2967 397 3024 et
412 2949 513 3050 hujus
527 2952 688 3055 temporis
700 2951 895 3039 historiam,
910 2968 943 3025 et
958 2952 1103 3026 Nasonis
1116 2981 1189 3027 car-

110 3067 191 3141 mina
208 3095 279 3140 non
296 3095 413 3170 parurn
430 3066 609 3142 illustrent.
624 3071 675 3141 Er
690 3069 807 3145 eodem
823 3069 981 3142 instituto
997 3069 1052 3142 hic
1068 3087 1188 3142 notun·

112 3182 185 3258 dum
200 3185 341 3284 insuper
355 3185 461 3273 venit,
477 3185 569 3284 quod
583 3187 709 3258 Noster
722 3186 833 3259 eadem
846 3185 996 3286 Epistola
1007 3187 1189 3282 significat,

111 3315 285 3402 utrumque
301 3297 425 3376 sciiicet
441 3302 619 3376 Groecrisum
637 3329 674 3376 ac
690 3301 863 3390 Flaccum,
885 3301 1041 3377 consules
1056 3303 1187 3377 Tiberii

112 3419 207 3515 ςηῑία
226 3435 372 3508 creatos,
389 3446 473 3496 vers.
493 3417 630 3520 ⁶770*

269 3563 431 3633 Multiplicet
443 3575 532 3619 tamen
546 3569 613 3619 hunc
626 3565 737 3636 gravitas
748 3571 861 3620 umoris
871 3568 1001 3628 borona,

302 3649 339 3704 Et
348 3651 515 3720 majestatem
528 3669 570 3703 res
580 3649 641 3704 datu
653 3653 740 3706 daulis
752 3649 839 3704 habet.

267 3737 383 3790 Jndr'cr'r's
394 3736 476 3806 igitur
487 3735 563 3789 liceat
575 3737 723 3805 Marcoque
733 3739 833 3804 ts'br'true

306 3815 415 3872 Talibus
428 3821 542 3887 Augusti
548 3829 653 3889 ternpus
663 3821 693 3872 in
706 3835 786 3874 omne
797 3819 860 3873 frui.

110 3933 260 4010 Tiberius
277 3934 385 4026 enirn,
404 3935 465 4010 ubi
480 3935 625 4039 primum
642 3936 764 4012 Cereri
778 3936 963 4013 Octaviano
976 3942 1119 4042 Augusti
1127 3969 1188 4014 co-

141 4101 148 4129 ¹
165 4099 273 4171 Syutsg.
288 4099 371 4154 lustr.
385 4115 442 4168 ρας.
457 4117 511 4166 ¹7⁰·

139 4181 151 4210 ²
167 4179 221 4234 Lib.
236 4179 350 4247 Lvttt,
366 4182 423 4252 nug.
435 4181 494 4234 633.

142 4261 152 4296 ⁸
168 4265 245 4322 lusce.
259 4266 341 4320 Thes.
353 4285 411 4338 pag.
429 4269 507 4336 1087,
519 4285 547 4320 n.
562 4286 582 4321 ι.
