3017 5000
430 493 526 561 nnn
550 494 583 562 s.
611 490 848 563 Messon.
1025 448 1030 467 ’
1114 501 1179 587 1⁸9

297 630 446 702 Quondam
459 636 580 687 Cesarea
587 628 667 688 nimie
674 638 766 701 puelle

329 724 407 778 Falso
417 726 526 779 nomine
538 726 657 781 subditus
669 725 813 788 (lucinum

36 816 37 851 ³
108 840 150 911 uti
164 840 230 938 jam
249 868 352 941 supra
370 870 408 915 ex
431 840 559 915 &donn
574 842 762 941 Apollinari
778 842 977 915 notavimus.
996 842 1063 917 Sed
1079 872 1179 944 quam

36 964 38 1041 i

36 1118 38 1201 i

36 1202 38 1261 ι

36 1360 38 1457 Ι

36 1576 38 1655 i

36 1046 38 1049 Ι
107 952 179 1029 salsa
193 956 238 1029 sit
250 955 322 1031 huc
332 957 465 1058 opinio,
487 986 554 1058 quo
568 958 610 1031 ad
625 957 748 1033 Julian
762 957 910 1053 Augusti
921 956 1040 1045 filiam,
1054 960 1178 1034 ibidem

36 1090 37 1097 ’
108 1100 235 1172 quoque
253 1072 483 1148 indicavimus.
502 1076 552 1147 Ne
568 1102 645 1147 vero
660 1092 694 1147 et
707 1073 810 1172 hujus
824 1074 986 1175 principis
998 1076 1110 1175 neptis,
1127 1077 1178 1150 vel

107 1191 231 1276 ancille,
254 1220 294 1265 ea
304 1191 422 1290 puella
439 1191 594 1287 ambigua
613 1219 692 1265 voce
710 1190 972 1286 intelligeretur,
997 1193 1045 1267 sic
1070 1194 1180 1268 Aldus

36 1308 37 1357 t
107 1305 264 1379 Meretrice
282 1314 290 1343 ¹
310 1324 426 1379 contra
440 1306 681 1381 ratiocinatur:
702 1340 718 1371 «
737 1309 848 1405 Quam
866 1306 946 1381 ficto
964 1308 1096 1383 nomine
1110 1310 1180 1385 Co-

36 1458 37 1523 ss
108 1454 122 1486 n
140 1422 270 1495 nonam
286 1419 484 1523 adpellavit,
503 1423 649 1522 potitum
670 1450 705 1496 se
722 1441 864 1497 testatur
879 1423 916 1494 in
934 1424 1049 1496 Amor.
1063 1423 1122 1497 lib.
1143 1430 1180 1516 I,

36 1546 37 1575 ³
109 1570 124 1601 n
142 1536 235 1633 Eleg.
255 1556 291 1609 v,
313 1538 426 1635 Quare
442 1538 470 1611 si
487 1567 524 1611 ca
539 1536 591 1613 vel
603 1536 688 1635 filia,
704 1536 752 1612 vel
767 1538 894 1639 neptis,
911 1538 962 1610 rel
975 1538 1091 1613 ancilla
1107 1542 1179 1615 Cac-

36 1736 37 1753 ,
104 1685 123 1717 u
142 1653 242 1739 saris,
254 1651 305 1727 vel
317 1681 533 1755 quacumque
545 1652 607 1729 alia
618 1654 719 1729 fuerit
731 1655 778 1731 sic
789 1654 839 1727 itti
852 1683 943 1740 cara,
958 1671 996 1728 ut
1006 1673 1180 1757 propterea

36 1784 38 1803 i

36 1826 37 1837 t

110 1802 125 1831 r
142 1768 301 1842 Ovidium
319 1768 529 1864 relegaverit3
550 1798 619 1843 uon
635 1796 736 1857 cetur,
760 1771 819 1845 sed
836 1771 945 1864 scelus
958 1771 1094 1861 missen
1111 1802 1178 1847 non

112 1918 125 1947 n
143 1885 266 1959 inscius
283 1884 421 1960 vidisset
438 1886 577 1973 crimen,
595 1885 652 1960 sed
669 1887 777 1961 sciens
793 1886 935 1961 fecisset.
955 1921 972 1950 »

36 2008 37 2025 ¹
151 2006 196 2075 At
220 2002 403 2076 absurdum
428 2030 567 2102 prorsus
589 2002 674 2076 soret
695 2002 869 2090 arbitrari,
888 2004 1035 2099 Augusti
1062 2022 1179 2105 neptem

111 2120 166 2194 sub
191 2118 276 2193 salso
304 2117 450 2193 Cenum
469 2118 605 2193 nomine
622 2118 666 2191 ab
685 2119 809 2195 ovidio
827 2119 933 2192 fuisse
949 2138 1110 2209 amatam,
1135 2123 1181 2195 si·
1233 2166 1237 2175 -

36 2298 37 2323 ,
111 2237 235 2338 quidem
261 2236 332 2311 haec
354 2235 500 2309 Nasonis
522 2234 692 2329 ingenium
708 2236 775 2335 jam
803 2254 967 2324 moverat,
991 2266 1094 2337 quum
1112 2240 1181 2339 ejus

36 2348 37 2395 3
110 2353 197 2428 burdo
217 2368 334 2428 resecta
356 2350 436 2427 bisve
460 2352 585 2427 semelve
614 2352 743 2443 fuerat,
771 2354 837 2425 hoc
853 2356 924 2439 est,
939 2381 1029 2426 anuo
1051 2353 1181 2429 circiter

111 2473 148 2546 U.
165 2474 201 2548 C.
221 2490 398 2548 Dccttxxtt
408 2529 418 2558 ,
436 2488 474 2544 ut
488 2470 530 2544 ad
546 2478 621 2546 eum
636 2470 800 2557 diiimus;
816 2501 884 2574 quo
903 2490 1010 2547 tamen
1031 2490 1180 2576 tempore

111 2591 252 2666 nondum
266 2607 343 2665 nata
357 2587 423 2662 fuit
434 2584 528 2661 Jut'a
542 2586 652 2688 neptis
665 2589 821 2684 Augusti.
836 2590 969 2662 Etenim
982 2587 1077 2662 Jut'a
1089 2584 1182 2664 iltius'

36 2739 37 2746 ¹
111 2724 205 2780 ntur
223 2705 360 2780 nonnisi
379 2733 469 2779 anno
486 2706 529 2776 U.
549 2704 586 2776 C.
606 2719 793 2778 Dccxxxttt
810 2721 916 2804 nupta
933 2725 985 2778 est
1002 2705 1179 2808 Agrippae,

112 2823 209 2921 quiex
221 2851 257 2898 ea
271 2850 360 2896 anno
371 2822 595 2921 subsequente
610 2817 736 2906 Caieta,
752 2819 900 2892 omnium
914 2819 1097 2896 liberorum
1110 2827 1180 2926 pri-

112 2966 211 3028 mum,
234 2935 313 3013 tulit
327 2945 352 3010 ².

156 3054 327 3126 Addamus
346 3069 379 3125 et
395 3051 436 3124 de
451 3048 563 3138 tutia,
585 3052 731 3146 Augusti
735 3051 830 3150 fitia,
852 3078 923 3126 earn
941 3054 977 3126 in
995 3083 1091 3128 causa
1110 3085 1179 3130 non

113 3167 225 3258 fuisse,
239 3197 300 3244 cur
310 3167 453 3244 Ovidius
465 3165 681 3264 relegaretur,
693 3167 811 3245 exinde
824 3166 972 3269 liquere,
989 3170 1077 3270 quod
1094 3171 1180 3273 ipse-

115 3305 176 3358 met
188 3304 343 3373 testetur,
362 3313 397 3359 se
413 3285 448 3357 in
464 3283 558 3357 illum
574 3311 725 3370 errorem,
748 3312 806 3358 seu
825 3285 956 3384 cuipam
975 3287 1003 3358 ei
1019 3285 1178 3363 silendam

114 3401 277 3492 incidisse,
295 3431 366 3476 non
384 3429 487 3503 quum
499 3402 620 3503 juvenis
644 3419 746 3488 esset,
776 3401 834 3475 sed
852 3401 916 3474 sub
941 3419 1079 3476 extrema
1103 3406 1178 3481 vitae

117 3534 270 3620 tempora,
284 3519 385 3594 immo
400 3537 482 3619 post
492 3521 605 3594 Artem
617 3509 814 3594 Ameton'orn
824 3519 889 3617 jam
900 3517 1031 3594 editam.
1047 3522 1180 3597 Etenim

116 3658 210 3730 quum
225 3634 327 3710 Trist.
347 3632 408 3706 lib.
427 3635 478 3721 ll,
496 3661 578 3706 vers.
601 3659 618 3733 7
639 3650 672 3706 et
689 3633 731 3722 8,
751 3633 911 3707 dixisset:

268 3779 396 3834 Carmina
407 3776 544 3846 fecerunt,
558 3791 587 3834 ut
599 3800 642 3834 me
656 3800 796 3850 moresque
806 3790 908 3846 ,notaret

301 3873 364 3926 Jam
377 3869 486 3926 demum
498 3878 556 3924 visa
567 3869 657 3924 Cesar
669 3871 700 3924 ab
710 3873 775 3925 Arle
785 3891 852 3926 mea.

120 4005 211 4090 atque
222 4021 239 4068 a
252 4019 335 4066 vers.
353 4015 399 4091 79
412 3990 599 4080 cecinisset,
614 3989 760 4091 priorem
772 4019 840 4066 suu
850 3994 1062 4114 ritaepartem
1075 3993 1181 4096 probe

152 4165 160 4195 ¹
176 4165 204 4219 ln
216 4163 305 4221 Ovidii
317 4167 390 4221 Vita.
615 4215 617 4220 .

153 4257 163 4284 ²
179 4257 242 4311 vtte
253 4258 333 4314 Dion.
344 4258 390 4312 tib.
402 4258 478 4326 LtV,
490 4277 547 4328 pag.
559 4261 608 4312 525
620 4267 648 4310 et
659 4256 715 4310 52&
