3017 5000
230 652 635 740 TESTIMONIA
668 655 747 742 ET
778 655 1040 742 JUDICIA

308 889 533 948 vnrtttttmt
550 891 607 981 nr
625 891 979 965 RECENTIORUM,

166 1107 266 1212 DE
318 1109 730 1218 P..0v11t10
776 1109 1117 1218 NASONE.

120 1463 331 1570 Venustus
348 1494 642 1585 Psrnneutus,
658 1493 719 1569 lib.
738 1496 794 1580 lt,
813 1522 883 1596 cap.
904 1491 972 1587 36¹:
989 1526 1005 1560 «ι
1022 1491 1181 1569 Tibullus

121 1647 135 1680 r·
153 1633 181 1690 et
192 1619 281 1692 Naso
295 1616 526 1719 perfectissimi
543 1617 578 1691 in
592 1619 699 1692 forma
713 1618 825 1719 operis
839 1619 901 1692 sui.
920 1650 937 1681 o

159 1741 309 1829 SENECA,
324 1740 473 1815 Natural.
489 1742 618 1839 Quaest.
630 1740 691 1815 lib.
705 1743 777 1828 tlt,
792 1769 862 1843 cap.
875 1765 920 1841 27
935 1770 944 1813 ι
963 1773 980 1806 κ
993 1737 1182 1815 insularum

120 1885 135 1918 s
152 1857 247 1930 modo
261 1857 408 1956 eminent
421 1876 570 1946 montes,
581 1875 614 1935 et
626 1885 749 1957 sparsas
765 1855 919 1963 Cycladas
934 1873 1067 1958 argent,
1086 1875 1125 1930 ut
1136 1857 1184 1930 ait

123 2002 136 2034 o
153 1968 203 2045 ille
217 1991 392 2074 poetarum
411 1973 714 2070 ingeniosissimus,
732 1973 821 2046 sicut
838 1971 922 2045 iliud
939 2000 1000 2075 pro
1014 1971 1182 2069 magnitu-

122 2117 136 2148 a
153 2085 223 2160 dine
236 2089 284 2162 rei
304 2088 409 2178 dixit,
432 2087 549 2163 Ommit
555 2104 670 2188 portus
681 2103 770 2161 erant
789 2119 802 2159 .·
817 2086 943 2160 dceram
956 2116 1074 2190 quoque
1092 2087 1183 2161 lebera

122 2217 239 2302 »ponto
247 2189 257 2288 ,
278 2203 344 2276 uisi
365 2220 494 2277 tantum
510 2203 673 2305 impetum
689 2202 816 2300 ingenii
835 2220 868 2276 et
880 2203 1025 2278 materiae
1042 2201 1083 2276 ad
1097 2230 1181 2306 pue-

122 2353 136 2383 »
152 2319 225 2396 tiles
240 2321 384 2424 ineptias
398 2321 607 2409 reduxisset,
627 2321 762 2452 Metam.
779 2322 811 2405 l,
832 2319 925 2413 304:

273 2495 327 2551 Nat
336 2494 414 2567 lupus
425 2493 495 2551 inter
507 2514 586 2563 oves,
599 2494 685 2553 [uiros
697 2492 770 2551 uehit
782 2493 854 2549 unda
863 2493 962 2550 leones.

120 2642 221 2715 »Non
238 2658 289 2717 est
306 2668 359 2715 res
381 2643 461 2717 satis
484 2642 615 2728 sobria,
636 2639 786 2714 lascivire
804 2640 959 2714 devorato
978 2641 1060 2714 orbe
1078 2658 1181 2713 tetra-

121 2786 136 2817 »
151 2782 230 2829 mm.
246 2756 343 2829 Dixit
351 2756 509 2851 ingentia,
524 2773 557 2829 et
570 2770 669 2828 tnntae
678 2752 884 2829 confusionis
897 2754 1073 2851 imaginem
1081 2754 1179 2856 cepit,

121 2902 138 2933 »
153 2898 251 2973 quum
267 2870 373 2945 dixit:
588 2880 592 2889 '
684 2880 688 2894 '
798 2886 803 2895 “

272 3043 420 3113 Exspatiata
432 3055 515 3100 munt
527 3064 574 3115 per
586 3055 688 3113 apertos
699 3044 811 3097 ssunrina
822 3062 944 3115 campos,

363 3152 509 3207 presseque
523 3136 611 3191 labant
623 3140 671 3195 sub
684 3140 786 3210 gurgite
799 3150 892 3194 torres.
951 3140 1054 3192 Ibidem,

123 3314 137 3345 u
153 3282 326 3381 Magnifice
338 3284 427 3370 hoc,
451 3284 479 3356 si
496 3312 564 3356 non
586 3284 713 3357 curavit
730 3282 811 3385 quid
827 3309 903 3354 oves
916 3301 950 3363 et
962 3283 1034 3387 lupi
1048 3283 1180 3358 faciant.

123 3434 138 3465 u
156 3402 268 3479 Natari
286 3421 395 3477 autem
410 3402 444 3477 in
460 3400 585 3476 diluvio
598 3418 632 3476 et
647 3404 681 3476 in
694 3402 751 3476 illa
763 3403 878 3504 rapina
889 3420 1003 3504 potest
1016 3404 1031 3476 ?
1045 3420 1181 3478 autnon

122 3550 138 3585 ι
155 3520 268 3595 eodem
284 3519 530 3622 impetupecus
545 3546 664 3607 omne,
691 3522 761 3619 q'uo
776 3537 909 3619 raptum
925 3537 1014 3609 erat,
1039 3548 1182 3594 mersum

125 3639 228 3712 »esti
253 3634 446 3737 Concepisti
462 3634 655 3730 imaginem,
679 3651 837 3735 quantam
856 3626 1026 3722 debebas,
1054 3634 1184 3709 obrutis

123 3784 138 3815 ι·
156 3752 309 3825 omnibus
320 3749 418 3824 terris
428 3768 441 3839 ,'
454 3749 533 3825 caeio
545 3749 620 3852 ipso
634 3748 670 3821 in
677 3766 798 3824 tertam
807 3766 933 3823 mente.
949 3748 1083 3835 Persen
1097 3748 1186 3823 dices

124 3900 138 3931 n
157 3868 239 3941 euim
249 3866 330 3969 quid
342 3866 465 3955 demut,
479 3864 507 3941 si
522 3862 718 3962 cogitaretis
726 3865 842 3939 urbem
857 3884 1017 3939 terrarum
1030 3882 1152 3939 natare.
1165 3900 1183 3930 u

164 3984 238 4077 (De
255 3982 317 4059 hac
336 3984 464 4057 Seneoae
481 3998 637 4070 sensura,
655 3978 916 4057 uide'Stbeiibm
932 3979 975 4056 ad
990 3980 1125 4078 Dialogi
1146 3982 1187 4057 de

123 4096 317 4179 Oratoribus
334 4096 505 4197 capud.)
647 4148 650 4156 .
798 4090 803 4099 ¹

165 4212 269 4300 lusu,
283 4210 517 4287 Controversia
526 4227 664 4283 ttxvttt:
679 4208 925 4312 ‹iPropt'erbo'e
934 4228 966 4284 et
979 4208 1188 4311 s'lin,'quibns
