3017 5000
448 490 544 557 PER
569 492 602 557 J.
630 488 868 559 MASSON.
1131 491 1191 555 105

122 628 199 703 Caio
223 645 257 702 et
282 628 388 702 Lucio
416 627 604 703 Caesaribus
630 628 777 705 camdem
804 647 915 725 togam
943 628 1056 717 dedit,
1074 624 1198 730 aliique

30 748 31 753 ’
122 762 232 844 postea
250 761 463 830 sumserunt3
481 746 532 817 uti
556 746 598 817 cl.
618 744 784 824 Dodwell.
804 755 907 847 ¹post
922 744 1006 819 alios
1026 761 1115 818 reete
1135 745 1196 817 do-

30 916 31 919 *
120 862 193 935 cuit
214 860 308 957 Quin
328 860 426 933 etiatn
442 858 653 935 doctissimus
672 861 833 937 Octavius
850 862 1021 936 Ferrarius
1040 870 1073 948 ²,
1090 859 1149 961 qni
1166 878 1200 934 et

30 994 32 1061 ᾖ
121 977 248 1050 initium
272 975 315 1048 15
331 977 411 1049 anni
430 974 597 1051 sumendae
609 1006 673 1078 pro
686 1006 780 1052 more
796 996 882 1073 togae
898 977 1013 1052 liberae
1023 978 1199 1074 adsignat,

30 1072 32 1111 ἶ
122 1094 371 1169 existimatcum
379 1095 553 1185 Manutio,
565 1096 779 1192 Augustum,
792 1097 964 1171 Ciceronis
980 1098 1060 1171 item
1072 1094 1199 1184 lilium,

30 1194 31 1201 ἵ
120 1228 150 1285 et
164 1210 247 1285 alios
265 1212 373 1285 serius
392 1210 427 1284 id
445 1212 552 1307 egisse
567 1213 672 1309 magis
688 1212 731 1285 ab
748 1212 812 1288 alia
830 1244 952 1301 cansa,
974 1242 1073 1315 quam
1089 1240 1109 1285 a
1125 1211 1199 1307 lege
1275 1298 1278 1303 ,

119 1346 171 1401 ant
186 1356 289 1401 more.
310 1328 422 1425 Quem
441 1356 566 1402 morem
585 1329 614 1403 si
630 1332 776 1405 Nasonis
792 1330 899 1405 nostri
916 1347 1071 1431 parentes
1094 1329 1199 1403 secuti

30 1466 31 1549 3
120 1446 259 1535 luerint,
281 1462 470 1547 potnerunt
485 1445 577 1519 bisce
593 1445 810 1535 consulibus,
826 1466 860 1522 et
877 1448 1012 1550 quidem
1030 1446 1084 1519 die
1099 1473 1199 1546 snper

30 1596 31 1617 t
118 1560 182 1635 rius
196 1580 340 1653 notato,
360 1561 536 1637 liberalibus
551 1591 690 1664 nempe,
709 1562 823 1647 filium.
841 1564 903 1637 bac
931 1561 1020 1636 virili
1043 1582 1123 1659 toga
1148 1560 1198 1633 in-

30 1702 31 1729 ³
119 1676 231 1767 duere,
254 1706 359 1779 quum
378 1679 450 1779 ejus
472 1678 515 1753 15
533 1706 640 1755 annus
656 1699 744 1756 esset
761 1682 797 1754 in
813 1681 915 1754 exitu.

161 1793 204 1865 ll.
232 1794 275 1865 ln
293 1792 413 1892 primis
435 1822 538 1893 porro
562 1794 653 1869 venit
676 1794 945 1882 observandum,
972 1794 1064 1895 quod
1080 1809 1196 1867 noster

30 1906 31 1911 ἵ
118 1906 271 2006 predicta
287 1909 389 1983 Trist.
420 1908 478 1982 lib.
499 1911 559 1998 lV,
580 1908 631 1983 Et.
651 1932 693 1997 x,
713 1912 754 1987 de
777 1912 842 1985 lato
862 1913 948 1985 claro
971 1911 1038 1985 sibi
1054 1929 1087 1985 et
1103 1908 1196 1983 fratri

85 2020 1010 2131 ,fflffiwmfflfflfflffiw

279 2168 459 2240 Induiturque
471 2170 591 2225 humeris
602 2190 663 2225 cunr
677 2172 729 2226 lato
742 2191 859 2241 purpura
869 2172 951 2225 clavo.

119 2284 190 2373 ubi,
208 2287 441 2360 consentiente
456 2284 632 2360 doctorum
646 2287 868 2361 recentiorum
887 2285 899 2325 ³
918 2286 1079 2374 cohorte,
1094 2285 1198 2380 signi-

30 2400 31 2457 Ῠ
117 2402 185 2477 ficat
202 2421 305 2507 poeta
323 2403 475 2477 indutam
499 2404 566 2478 sibi
582 2402 685 2479 fuisse
701 2406 854 2490 tunicum,
876 2433 949 2506 qnae
968 2403 1196 2506 scriptoribus

30 2505 32 2518 ’
118 2517 183 2592 aliis
209 2519 336 2592 dicitur
360 2519 463 2591 tunica
491 2518 552 2592 tari
575 2520 655 2594 clusi
672 2517 698 2608 ⁴,
718 2547 778 2594 sen
803 2517 958 2594 luticloaab
976 2515 999 2590 ⁵.
1027 2520 1077 2591 At
1088 2515 1197 2591 Aldus

120 2635 291 2710 Manutius
310 2629 324 2672 ⁶
340 2633 421 2707 binc
439 2633 525 2707 clare
542 2633 608 2708 sibi
623 2634 756 2710 videtur
772 2634 949 2731 colligere,
966 2633 1089 2708 hancce
1108 2634 1196 2707 tuni-

30 2777 32 2846 3
118 2777 181 2824 cam
199 2750 339 2823 omnino
350 2776 543 2849 purpureum
561 2749 674 2823 luisse.
691 2750 827 2841 Etenim
846 2781 949 2852 quum
968 2751 1003 2823 in
1021 2750 1109 2825 banc
1127 2777 1196 2824 rem

30 2853 32 2872 '
117 2868 339 2942 testimonium
359 2892 398 2938 en
417 2864 630 2962 Quintiliano
650 2884 682 2941 et
701 2867 865 2942 Cicerone
883 2869 977 2971 prius
1004 2867 1195 2954 laudasset,

118 2983 227 3057 addit:
251 2985 416 3056 «Verum
439 2981 481 3054 de
504 2982 617 3057 tunica
641 2981 700 3057 lati
726 2984 811 3058 clari
828 3013 1016 3086 purpurea,
1034 3001 1073 3057 ut
1097 2985 1196 3058 omit-

30 3153 32 3212 ἰ
120 3132 134 3162 a
154 3118 270 3174 tantur
282 3099 393 3173 dubiae
407 3098 549 3175 sortasse
563 3100 670 3200 (NB.)
679 3100 757 3175 fidei
773 3101 977 3187 testimonia,
991 3101 1072 3174 satis
1081 3116 1194 3200 aperta

120 3247 135 3278 >r
152 3215 190 3290 lit
203 3215 406 3314 significatio
425 3215 459 3288 in
474 3216 542 3290 boc
560 3216 676 3292 Ovidii
692 3245 788 3294 versu
804 3247 811 3290 :
827 3215 988 3303 Induitur,
1007 3234 1069 3291 etc.
1087 3251 1103 3280 »
1125 3218 1196 3291 Oe-

30 3391 32 3442 ,
118 3335 217 3410 uvius
234 3363 317 3408 vero
333 3334 527 3422 Ferrarius,
547 3335 606 3436 qni
625 3362 700 3408 curn
718 3333 793 3408 aliis
808 3334 976 3408 existimat
990 3333 1124 3419 tunicas,
1145 3334 1193 3405 uti

30 3557 32 3584 r
117 3492 348 3646 XI¹¹Praelec4tione
370 3509 388 3546 v
406 3491 439 3546 ad
459 3492 547 3563 Spart.
564 3491 695 3546 Hadrian.
715 3491 785 3545 Vide
797 3492 867 3562 lips.
886 3492 919 3544 ad
937 3491 1022 3546 Tacit.
1038 3491 1136 3545 Annal.
1153 3491 1198 3544 lib.

30 3625 31 3648 ἶ
171 3599 251 3649 ,cap¹
285 3599 306 3631 r.

30 3671 31 3710 t
142 3663 156 3694 ²
169 3661 211 3715 De
226 3661 268 3715 Re
281 3659 385 3715 vestiar.
397 3659 441 3715 lib.
455 3662 502 3727 ll,
516 3680 571 3730 cap.
589 3681 609 3714 r.

142 3740 153 3774 ³
168 3743 287 3798 tabente
300 3743 412 3812 quidem
428 3759 465 3797 xv
476 3744 566 3798 seerdo
580 3743 706 3813 Closauns
719 3744 835 3814 ingenue
847 3745 997 3812 fatebatur,
1015 3763 1042 3798 se
1056 3745 1135 3814 hujus
1147 3744 1196 3797 loci

115 3823 294 3882 difficultatem
305 3825 398 3879 tollere
410 3845 467 3880 non
479 3827 612 3896 potuisse,
624 3845 712 3897 neque
724 3827 856 3882 feliciores
863 3838 941 3882 erant
948 3829 991 3883 alii
1000 3867 1008 3896 ,
1018 3847 1085 3898 quos
1093 3828 1122 3881 in
1129 3827 1195 3880 urbe

30 3915 31 3954 t
117 3907 197 3964 Roma
208 3921 236 3966 et
248 3911 276 3966 in
288 3909 470 3965 celeberrimis
484 3911 566 3966 ltaliae
579 3911 720 3982 gymnasiis
731 3910 781 3965 hac
792 3911 826 3965 de
837 3931 867 3966 re
878 3913 1046 3966 consuluerat
1058 3931 1064 3962 ι
1076 3910 1128 3963 rid.
1139 3911 1196 3977 ejus

115 3993 145 4045 ad
156 3994 226 4050 lanne
237 3996 286 4051 loe.
298 4007 356 4050 not.

143 4081 154 4118 ⁵
170 4081 279 4136 Sueten.
292 4081 321 4136 in
336 4082 406 4152 Aug.
418 4101 474 4154 cap.
487 4086 529 4156 94.

144 4165 156 4200 ⁵
170 4167 258 4222 Valet.
270 4167 384 4222 Maxim·
396 4155 440 4222 tibss
455 4166 491 4234 V,
502 4175 558 4236 cap.
570 4185 591 4222 ι.

173 4251 280 4320 Ουαίῐ.
291 4273 342 4324 per
357 4251 441 4322 Epist.
452 4251 495 4307 lib.
508 4253 553 4319 ll,
566 4269 621 4322 cap.
634 4273 667 4320 a,
683 4252 716 4306 de
730 4251 806 4323 Toga
819 4253 898 4307 Rom.
