3017 5000
310 428 377 497 256
690 428 1005 499 DISSERTATIO

308 570 499 664 Augustum
515 567 551 640 iu
569 564 646 643 filiae
663 568 793 644 incestu
812 599 831 643 a
847 589 947 673 poeta
966 569 1179 671 imprudente
1205 570 1387 674 depreben-

308 720 380 767 sum
399 690 672 790 coniectarentur.
694 694 748 795 Ab
766 693 821 767 his
846 723 908 789 ego
932 691 1075 769 multum
1106 694 1275 770 dissentio.
1303 698 1390 769 Utut

309 816 396 889 enim
412 816 568 917 princeps
582 814 636 891 ille
650 817 796 918 primum
809 816 967 893 adversus
979 816 1135 893 libidines
1145 847 1263 920 parurn
1275 817 1389 894 firmus

308 940 429 1027 l'uerit,
450 942 556 1015 tutius
584 958 695 1015 tamen
718 942 836 1017 suisset
853 943 937 1017 tanti
957 941 1113 1017 facinoris
1135 944 1389 1019 interventorem

310 1065 501 1164 opprimere
518 1065 655 1166 potins,
676 1093 775 1165 quam
791 1064 899 1139 exsilii
915 1064 1117 1139 contumelia
1134 1067 1287 1153 irritare,
1306 1086 1340 1141 et
1352 1094 1390 1141 eo

311 1188 527 1277 submovere,
543 1189 632 1262 unde
643 1188 749 1265 tutius
763 1190 850 1263 forte
862 1188 1079 1264 malediceret.
1095 1190 1219 1263 Annon
1233 1189 1324 1263 enim
1336 1217 1392 1263 ve·

309 1311 449 1385 rendum
461 1310 599 1401 fuisset,
617 1294 789 1398 nemori,
806 1339 850 1385 ne
859 1310 995 1400 liberis,
1012 1311 1178 1386 neamicis
1190 1339 1325 1386 causam
1337 1313 1391 1387 ira

311 1434 465 1509 Cesarea
482 1434 656 1509 discedens
676 1432 855 1534 proderet,
882 1452 916 1509 et
934 1435 984 1509 sic
999 1452 1112 1510 tamen
1128 1460 1182 1509 res
1197 1438 1393 1511 emanaret?

309 1558 364 1632 An
382 1586 443 1631 nec
466 1556 559 1631 Julia
585 1557 720 1657 quidem
744 1556 819 1657 ipsa
842 1552 1056 1653 relegationis
1082 1564 1150 1631 auae
1172 1556 1390 1665 ignominiam

312 1678 382 1753 ulta
393 1679 512 1755 suisset
522 1679 638 1755 incesti
646 1678 859 1780 opprobrio?
872 1680 948 1754 ride
956 1680 1156 1754 Suetonium
1163 1678 1205 1754 de
1212 1682 1389 1776 Augusto,

311 1832 382 1903 cap.
399 1802 456 1876 65.
472 1804 527 1877 An
540 1830 601 1877 uec
613 1804 758 1877 Ovidius
770 1802 906 1904 quidem
918 1820 1151 1905 postmortem
1165 1804 1313 1900 Augusti
1328 1804 1391 1879 tale

311 1926 394 2027 quid
418 1924 652 2001 eliminasset?
680 1928 821 2021 Ignorat
841 1925 974 2021 ingenia
998 1924 1209 2025 principum,
1240 1942 1274 1999 et
1299 1924 1390 2001 malae

309 2046 815 2151 conscientiasuspicacissimos
827 2046 1135 2147 terrores2etlamae
1143 2046 1313 2137 indolem,
1332 2049 1389 2149 qui

308 2170 373 2244 ista
391 2189 457 2243 tam
480 2167 576 2243 facile
594 2168 721 2257 credit;
748 2167 806 2242 sed
828 2185 868 2241 ut
892 2168 1002 2274 adbuc
1018 2168 1159 2244 arctiore
1179 2168 1270 2245 nodo
1291 2198 1390 2245 cons·

310 2294 453 2388 tringam
470 2292 571 2391 hujus
587 2291 634 2365 rei
651 2307 854 2378 assertores,
877 2289 965 2363 addo
985 2319 993 2363 :
1011 2290 1154 2366 Ovidius
1170 2310 1327 2369 mortuus
1342 2310 1391 2368 est

311 2446 401 2493 anno
414 2438 428 2491 1
439 2416 654 2520 Olympiadis
671 2442 758 2518 199,
772 2415 914 2517 septimo
927 2413 1056 2505 exsilii,
1070 2416 1213 2493 testibus
1224 2415 1389 2506 Eusebio,

311 2543 516 2644 Hieronymo
544 2559 578 2616 et
601 2538 790 2636 scaligero,
819 2537 878 2639 qui
895 2538 1014 2613 incidit
1032 2539 1067 2612 in
1091 2541 1227 2614 tertium
1249 2539 1388 2616 Ttboii.

310 2663 592 2765 septuagenarius
610 2689 689 2757 ergo
708 2662 883 2756 Augustus
899 2679 988 2749 erat,
1007 2690 1111 2763 quum
1126 2660 1289 2758 relegaret
1307 2665 1392 2738 Ori-

310 2787 415 2862 dium.
437 2787 526 2885 Quis
545 2803 654 2861 autem
674 2785 786 2859 credat
802 2813 914 2860 senem
930 2802 996 2860 tam
1013 2785 1216 2886 prodigiosa
1240 2785 1391 2862 libidinis

309 2912 432 2998 luisse,
451 2928 491 2984 ut
505 2939 566 2985 nee
579 2909 678 2985 afilia
694 2909 830 3011 quidem
842 2908 1051 2983 abstineret?
1065 2910 1176 3007 Quem
1189 2909 1391 3001 Suetonius,

311 3062 382 3138 oap.
404 3061 466 3136 71,
481 3035 544 3122 ait,
563 3067 580 3099 «
597 3033 766 3108 infamiam
777 3031 934 3133 juvenilis
947 3034 1161 3134 impudicitiae
1173 3036 1346 3138 praesentis
1359 3052 1391 3108 et

313 3193 330 3224 n
352 3176 495 3260 postera
519 3157 595 3231 vita
617 3158 767 3231 castitate
784 3155 955 3232 refutasse.
976 3190 994 3222 »
1016 3157 1108 3232 Julia
1124 3159 1223 3233 etiam
1238 3158 1309 3233 filia
1323 3160 1389 3258 jam

310 3301 381 3358 tum
398 3309 499 3383 supra
514 3281 805 3383 quadragenariam
821 3298 910 3369 erat,
931 3280 1059 3377 (digna
1081 3280 1208 3356 scilicet
1233 3311 1335 3371 anus,
1353 3283 1388 3354 in

310 3436 377 3507 qua
401 3433 500 3490 senex
525 3405 736 3507 deperiretl)
754 3422 843 3479 etex
865 3404 984 3478 Dionis
1003 3423 1163 3506 computo
1190 3405 1233 3479 ad
1262 3433 1386 3480 annum

313 3527 406 3630 758,
421 3528 488 3627 jam
505 3546 582 3604 ante
599 3553 643 3629 27
662 3555 769 3602 annos
785 3527 821 3600 in
833 3525 975 3600 insulam
990 3527 1218 3602 Pandatariam
1229 3555 1307 3602 cum
1320 3527 1387 3602 fitia

310 3679 371 3728 sua
385 3649 550 3746 relegata,
577 3680 597 3725 a
626 3679 694 3752 quo
712 3667 863 3750 tempore
887 3677 1080 3750 nunquam,
1098 3649 1175 3725 licet
1191 3651 1384 3752 deprecante

310 3772 441 3877 populo
459 3829 469 3862 ,
491 3773 528 3846 in
546 3774 685 3869 gratiam
701 3801 819 3848 rursus
835 3771 998 3860 admissa,
1014 3791 1055 3846 ut
1075 3772 1178 3847 babet
1193 3772 1382 3847 Suetonius.

276 3965 278 3972 .
312 3896 432 3972 Mirari
445 3896 558 3998 itaque
575 3898 669 3972 subit
684 3916 750 3972 tam
763 3923 904 3992 magnos
919 3896 1073 3972 murinas
1086 3896 1121 3969 id
1132 3895 1261 3970 facinus
1276 3895 1385 3997 suspi-

312 4020 379 4095 cari
397 4020 559 4121 potuisse.
575 4021 724 4094 Dubium
739 4038 850 4095 autem
860 4019 991 4094 nullum
1003 4007 1079 4110 est,
1089 4020 1174 4120 quin
1188 4017 1383 4120 turpissima

314 4142 483 4246 opinionis
499 4159 616 4218 auctor
632 4143 715 4244 ipsis
727 4143 831 4219 luerit
841 4141 1062 4248 ¹turpissimus
1076 4140 1242 4239 Caligula,
1259 4169 1323 4245 qur
1330 4168 1383 4217 as·
