3017 5000
294 356 359 435 232
627 359 666 423 P.
701 358 879 426 ovtutl
906 357 1041 423 VITA

254 504 261 527 “·
295 530 312 561 »
333 494 553 595 suscepisset,
580 496 765 597 periturum
787 497 921 571 videret
949 494 1091 597 Solique
1106 496 1186 571 buic
1203 497 1373 593 contigit,

297 644 313 675 »
333 635 424 710 paene
444 608 569 683 diutius
591 638 743 684 recusare
766 611 1012 712 principatum,
1030 637 1152 711 qoam
1170 628 1208 683 ut
1230 639 1377 712 occupa·

295 742 406 797 »rent
432 752 529 813 eum,
560 723 618 798 alii
646 727 746 801 armis
774 744 1050 829 pugnaverant.»
1074 725 1206 800 Eodem
1229 726 1378 801 Ovidius

292 842 428 941 respicit
446 839 504 916 lib.
523 844 572 916 IV
588 872 627 917 ex
646 845 743 917 Pont.
763 844 874 947 Epist.
893 863 978 932 xllt,
997 862 1037 918 ut
1054 844 1096 918 ad
1113 873 1239 921 annum
1255 844 1377 947 proxi·

292 990 383 1035 mum
399 960 595 1035 videbimus.

344 1090 394 1152 2⁰.
414 1079 518 1152 Poeta
537 1078 661 1152 ibidem
679 1079 771 1153 baud
789 1078 931 1153 obscure
948 1078 1100 1174 designat
1114 1080 1217 1155 Livio
1232 1082 1267 1153 in
1280 1080 1379 1153 sami-

295 1194 374 1269 liam
388 1194 511 1269 Julius
530 1212 562 1268 et
576 1222 700 1268 nomen
716 1196 877 1294 Angusto
889 1195 1127 1298 adoptionem,
1144 1198 1292 1292 Augusti
1309 1214 1381 1271 tes-

296 1330 441 1387 tamento
454 1313 593 1401 factam,
607 1330 689 1387 teste
705 1313 841 1401 Tacito,
857 1315 937 1414 qui,
952 1314 1101 1409 Augusti
1111 1332 1218 1389 morte
1229 1332 1380 1399 narrata,

295 1431 469 1530 subjungit
490 1439 497 1468 ¹
516 1460 523 1503 :
544 1463 561 1495 o
580 1428 671 1503 Nihil
692 1430 802 1530 primo
817 1448 952 1505 senatus
969 1430 1022 1504 die
1041 1430 1094 1526 agi
1109 1458 1229 1532 passus
1249 1431 1382 1527 (Tibe-

300 1582 316 1613 u
337 1549 407 1623 rius
417 1552 454 1642 ),
471 1548 536 1621 nisi
550 1546 589 1621 de
604 1547 769 1648 supremis
783 1548 941 1643 Augusti.
957 1548 1064 1649 Cujus
1078 1566 1313 1623 testamentum
1326 1550 1383 1622 in-

299 1700 317 1729 »
339 1661 441 1739 latum
460 1690 521 1765 per
536 1662 683 1758 virgines
703 1664 833 1752 Vesta,
850 1663 1025 1738 Tiberium
1041 1682 1076 1739 et
1098 1665 1225 1738 Liviam
1242 1663 1384 1739 heredes

301 1815 318 1846 »
337 1780 468 1859 babuit.
492 1780 585 1871 Livia
604 1781 639 1853 iu
661 1777 819 1853 familiam
841 1779 987 1868 duliam,
1010 1808 1200 1882 nomenque
1217 1782 1385 1876 Augusta

301 1934 318 1967 »
339 1899 586 1974 adsumebatur.
612 1932 628 1963 o
650 1897 741 1971 Idem
762 1898 899 1971 tradunt
909 1896 1058 1973 Velleius
1076 1907 1089 1937 ²
1107 1916 1143 1973 et
1154 1898 1339 1973 Suetonius
1352 1897 1384 1985 3;

299 2017 562 2117 confirmantque
581 2014 709 2088 nummi
724 2017 881 2112 Augusto
901 2016 969 2116 jam
988 2014 1144 2091 defuncto
1155 2016 1242 2103 cusi,
1256 2014 1386 2091 Liviam

300 2134 364 2212 sub
381 2132 441 2207 illo
459 2134 480 2205 J
483 2150 585 2209 Utltt
600 2134 792 2209 Aucusrts
807 2132 944 2205 nomine
960 2149 1244 2231 representantes.

709 2299 976 2321 mm

451 2470 534 2524 Anno
547 2466 580 2523 C.
595 2486 631 2523 xv
641 2489 648 2533 3
659 2468 695 2522 U.
709 2466 742 2522 C.
756 2480 916 2531 occsurum
929 2464 1021 2523 Ovidii
1032 2481 1092 2519 nvn
1106 2476 1134 2522 et
1144 2482 1225 2521 uvrrr.

402 2611 536 2670 DRUSO
555 2609 732 2677 CAESARE,
753 2607 785 2664 C.
804 2607 991 2665 NORBANO
1010 2607 1164 2664 FLACCO
1182 2607 1289 2664 COSS.

353 2760 380 2831 I.
402 2759 608 2830 EPISTOLAM
621 2771 689 2827 xttt
702 2751 761 2825 lib.
779 2753 829 2824 {V
846 2779 885 2824 ex
902 2751 1035 2841 Ponto,
1049 2767 1139 2825 sextu
1149 2751 1256 2858 dmm
1267 2751 1321 2827 sui
1331 2781 1390 2827 ex-

306 2875 374 2950 silii
391 2903 409 2948 a
424 2875 559 2946 Nasone
577 2870 754 2969 scriptam,
770 2868 924 2968 superius
942 2865 955 2914 ⁴
971 2895 1011 2941 cx
1028 2896 1110 2941 vers.
1130 2869 1178 2961 do
1194 2867 1390 2958 docuimus,

306 2991 456 3090 hancque
476 2985 635 3087 temporis
653 3002 769 3058 uotam
790 3011 809 3054 a
833 3010 933 3083 prava
956 2982 1158 3057 eminentiss.
1184 2983 1313 3058 Norisii
1338 2983 1390 3056 in·

307 3101 543 3206 terpretatione
556 3098 805 3173 vindicavimus.
823 3096 884 3170 ttta
897 3115 1007 3172 autem
1020 3097 1124 3203 &ems
1136 3099 1288 3200 proxime
1300 3128 1392 3173 mor-

308 3241 375 3296 tem
391 3219 535 3316 Augusti
555 3216 777 3319 sequebatur,
795 3231 835 3288 nt
860 3215 986 3289 ibidem
1009 3214 1120 3289 obiter
1144 3213 1310 3304 diximus,
1327 3243 1391 3317 pa·

308 3355 424 3438 tetque
440 3365 480 3410 ex
496 3336 550 3410 his
566 3351 673 3436 poetae
692 3333 733 3406 de
750 3359 813 3404 suo
833 3330 975 3403 carmine
990 3328 1105 3426 lingua
1123 3330 1235 3404 Getico
1247 3329 1391 3404 concin-

309 3471 407 3540 nato,
425 3481 510 3526 vers.
531 3449 666 3550 19-28:

478 3599 522 3652 Ab
535 3597 631 3667 pudet!
644 3608 670 3651 et
686 3599 778 3650 Gclr‘co
787 3599 1003 3664 scn‘psr'sermoue
1012 3597 1141 3657 libellum,

507 3689 664 3758 Structoque
676 3699 740 3742 sunt
751 3687 847 3743 nostris
858 3687 969 3742 barbara
979 3685 1061 3742 verba
1071 3683 1164 3738 modis.

347 3865 356 3894 ¹
377 3858 473 3914 Annal.
484 3859 527 3913 tib.
541 3861 569 3926 l,
582 3879 637 3929 cap.
654 3879 691 3912 rr.

347 3959 360 3987 ²
376 3954 433 4009 Lib.
447 3953 492 4021 ll,
507 3973 561 4022 cap.
576 3955 615 4021 75.

297 4063 307 4079 ⁶
349 4046 359 4079 ³
377 4050 409 4102 ln
424 4047 492 4117 Aug.
502 4066 558 4117 cap.
574 4064 627 4100 tor.

348 4142 360 4178 ⁴
378 4141 440 4210 Peg.
457 4141 501 4194 181
514 4149 542 4194 et
556 4139 610 4193 182.
