3017 5000
298 508 365 592 ⁵44
650 505 1025 575 urssnnrnrro

296 660 417 724 vocant,
434 649 548 710 eradere
564 670 624 708 non
635 660 792 726 potuerat,
807 647 852 710 vel
865 648 1027 731 neglexerat
1044 669 1054 705 s
1071 646 1137 708 dum
1153 646 1205 708 illo
1220 669 1290 708 ersus
1308 645 1371 710 ius-

294 765 442 817 trumento
453 751 608 817 conahatur
619 768 734 817 uranu
745 753 887 828 tornare,
903 774 937 814 ex
951 765 1030 835 parre
1044 751 1169 815 nominis
1185 767 1371 817 russeum

297 883 361 944 quse
375 859 558 922 solummodo
577 860 729 922 monetarii
744 860 843 938 eulpa,
860 883 912 920 seu
929 857 1120 944 negligentia,
1137 859 1244 942 inipso
1255 884 1372 922 nummo

296 987 430 1046 percussa
444 965 577 1044 primitus
594 978 655 1027 erat
670 980 689 1023 ¹.
708 967 752 1027 lix
769 964 978 1044 posterioribus
1000 963 1120 1026 nimium
1139 965 1221 1028 istius
1244 967 1373 1030 venabuli

266 1089 270 1096 ¹
296 1073 423 1146 utteris,
440 1086 591 1148 sarsum,
607 1073 683 1135 haud
698 1071 812 1136 dffinle
822 1073 902 1134 vafro
916 1073 1026 1134 nundi
1041 1071 1096 1134 luit
1109 1087 1225 1136 uarum
1240 1075 1373 1153 salpae.

298 1181 410 1242 Dolum
420 1179 575 1264 utlongius
590 1202 758 1263 prosequar,
774 1181 1009 1258 operaepretium
1024 1203 1082 1242 non
1099 1192 1158 1252 rst,
1172 1205 1262 1263 quum
1275 1182 1373 1242 melius

300 1287 423 1350 eundem
441 1287 533 1365 possit
552 1289 660 1348 Lector
684 1287 867 1370 intelligere,
890 1306 924 1346 ex
946 1285 1071 1346 Nummi
1084 1287 1300 1364 delineatione,
1331 1287 1373 1348 bis

302 1393 432 1476 presa,
447 1393 579 1454 unum
591 1391 707 1476 ,niuem
719 1394 911 1468 somnum,
924 1413 1007 1474 quam
1019 1391 1085 1466 1112,
1097 1376 1374 1476 andnumans

301 1497 499 1559 illustrissimis
518 1497 668 1581 divulgata.

345 1606 403 1663 lll.
427 1607 525 1685 ltaque
539 1603 584 1664 vel
601 1604 670 1664 binc
686 1603 777 1682 palum
794 1603 848 1678 fit,
871 1625 906 1666 eo
925 1605 955 1664 in
972 1604 1098 1667 Nummo
1119 1605 1191 1666 nibil
1211 1606 1289 1666 alind
1306 1629 1375 1688 sup-

302 1710 437 1790 plendum
452 1723 481 1770 et
493 1709 666 1794 legendum,
685 1730 769 1792 quam
784 1709 863 1791 quod
878 1710 909 1770 in
926 1711 983 1772 alio
997 1712 1123 1796 ejusdem
1138 1713 1250 1796 generis
1275 1724 1304 1772 at
1328 1713 1374 1771 in-

303 1818 458 1900 tegerrimo
470 1816 674 1900 conspicitur,
698 1837 786 1894 penes
805 1817 1029 1878 illustrissimum
1048 1821 1183 1881 comitem
1204 1816 1375 1881 Pemsmttz

303 1949 368 1987 cum
382 1925 444 1986 aliis
460 1924 673 2007 quamplurimis
693 1936 723 1984 et
742 1924 912 2002 rarissimis,
931 1946 1072 2008 quemque
1095 1926 1143 1988 bic
1161 1929 1246 1988 etiam
1268 1947 1375 2008 reprae-

303 2045 455 2094 sentamus.
474 2035 510 2092 ln
528 2033 610 2113 hujus
623 2053 725 2114 nempe
738 2031 829 2110 prima
843 2031 913 2092 facie
929 2032 1146 2114 elegantissimis
1159 2032 1282 2105 litteris,
1295 2032 1339 2093 uti
1348 2043 1376 2092 et

303 2139 536 2210 evidentissimis,
551 2139 655 2223 legitur
673 2161 679 2196 ε
697 2151 857 2200 nummos
874 2151 1082 2214 rarasrsnu,
1099 2139 1208 2201 cneum
1220 2148 1308 2222 capas
1319 2141 1378 2198 m-

303 2244 399 2318 herbe,
415 2255 443 2303 at
454 2243 533 2326 quod
544 2245 673 2326 aerugine
689 2245 730 2305 sic
747 2258 791 2306 est
807 2244 974 2318 inductum,
991 2257 1026 2306 ut
1038 2245 1134 2308 vultus
1151 2245 1227 2306 baud
1239 2255 1321 2305 certo
1337 2243 1379 2305 di-

298 2351 407 2434 ¹gnossi
421 2350 531 2429 possit,
546 2352 654 2412 etiarnsi
665 2373 794 2414 censeam
804 2351 1000 2414 cumomnino
1011 2353 1213 2431 esseAugusti.
1228 2350 1377 2414 Abarersa

307 2455 408 2518 deinde
416 2468 494 2534 parte
505 2455 883 2541 babeturcaputburbatum,
896 2468 926 2519 et
932 2455 1104 2532 laureatum,
1114 2469 1250 2540 quantum
1256 2457 1377 2537 lioetpfl

307 2563 424 2625 eandem
437 2563 594 2646 aeruginem
608 2564 747 2645 judicare,
761 2576 844 2643 atque
856 2564 927 2622 adeo
940 2564 1090 2643 ipsiusmet
1101 2562 1183 2625 sts
1190 2606 1202 2636 ,
1221 2563 1273 2625 bae
1289 2564 1379 2647 signa

308 2682 368 2729 tum
386 2668 548 2751 [epigraphe
562 2692 569 2727 2
587 2680 795 2731 ususuneor
812 2680 1015 2740 narramur,
1029 2668 1060 2729 it
1074 2680 1118 2729 est
1131 2668 1295 2729 Menander
1306 2671 1379 2731 Pm-

309 2777 402 2834 rhesii
408 2773 493 2851 filius
499 2818 508 2847 ,
528 2795 589 2835 non
606 2795 692 2848 vero,
718 2784 751 2834 ut
772 2772 954 2835 doctissimus
975 2772 1164 2852 Spanbmius
1179 2773 1330 2856 supplebat
1352 2788 1379 2835 et

308 2881 568 2960 interpretabatur,
585 2882 625 2941 M
623 2880 745 2941 emmdn'
757 2880 919 2942 Parrhasii.

348 2988 402 3050 lv,
424 2989 512 3049 Hune
525 2999 619 3046 autern
634 2988 792 3047 Nummum
803 2998 883 3047 antea
896 2985 1061 3065 possidebat
1072 2986 1120 3049 Cl.
1131 2988 1202 3049 Job·
1213 2988 1377 3067 baptor,

310 3095 383 3174 apud
400 3116 484 3177 quern
500 3116 565 3154 eum
582 3093 651 3156 olirn
666 3093 885 3172 descripseram
907 3091 1041 3177 idemque
1055 3094 1179 3173 proinde
1193 3107 1260 3169 est,
1276 3098 1290 3173 (
1304 3094 1380 3178 qnod

312 3201 485 3263 dissimulare
498 3202 587 3275 nolo,
602 3221 656 3261 nee
672 3199 786 3277 debeo)
800 3222 885 3283 quem
899 3200 1024 3284 protuli,
1033 3213 1072 3261 nt
1082 3201 1132 3283 qui
1143 3202 1259 3262 litteris
1263 3201 1380 3281 sugun-

311 3308 384 3366 tibus
401 3327 508 3367 nomeu
525 3327 641 3389 quoque
656 3306 801 3367 Pollionis
818 3306 944 3366 baberet.
968 3308 1080 3368 Verum
1101 3305 1133 3367 in
1157 3306 1235 3369 bunc
1256 3327 1380 3369 errorem

311 3412 417 3475 sumam
441 3412 596 3485 inductus,
616 3410 694 3492 quod
714 3414 804 3497 uitam
831 3411 946 3485 Ouidii,
968 3412 1079 3494 aliquot
1101 3424 1169 3490 post
1187 3413 1288 3485 annis,
1308 3413 1381 3473 deli-

313 3540 421 3591 nems,
439 3520 468 3577 in
484 3522 553 3579 meis
568 3518 720 3596 reperirem
732 3518 844 3579 schedis
852 3529 960 3601 punctu
971 3500 1047 3581 iriter
1057 3539 1160 3593 voces,
1179 3533 1340 3581 οΥΗΙΔΙΟΣ
1352 3541 1382 3582 ae

314 3638 503 3689 ΚΔΙΣΔΡΕΩΝ
514 3626 662 3697 adnotata,
675 3648 740 3707 quae.
752 3639 821 3686 tune
832 3624 997 3687 festinanter
1009 3623 1092 3685 nimis
1103 3624 1230 3685 scribens
1239 3625 1382 3699 intellexi,

312 3752 345 3790 ac
363 3730 385 3791 si
401 3730 613 3812 significarent,
631 3730 696 3791 alias
714 3730 876 3803 interfuisse
894 3731 1022 3805 litteras,
1044 3753 1109 3814 qua=¹
1127 3732 1199 3791 baud
1216 3731 1289 3792 elare
1307 3732 1385 3815 lege-

316 3848 414 3897 rentur
427 3860 434 3909 ς
451 3858 538 3915 quum
554 3848 648 3895 tamen
658 3839 717 3914 ipsa
726 3836 821 3897 forent
832 3850 910 3898 extra
925 3837 1092 3921 epigraphes
1105 3837 1244 3899 circulum
1259 3840 1383 3921 signata,

350 4075 357 4104 ¹
376 4072 420 4127 sic
434 4082 461 4125 et
474 4073 505 4125 ab
519 4070 600 4125 altera
615 4072 720 4125 nummi
733 4081 822 4141 parte,
837 4072 950 4125 eandem
962 4072 997 4125 ob
1008 4090 1130 4138 eaerum,
1145 4072 1187 4126 boe
1201 4082 1308 4127 tanturn
1321 4071 1386 4126 erbi-

315 4166 414 4219 bentur
426 4164 519 4217 litterae
531 4183 537 4216 ι
550 4170 804 4230 MENd-Attot,
820 4182 877 4233 qua
889 4183 947 4233 pars
959 4174 1021 4218 sunt
1031 4165 1194 4235 integrarum
1203 4183 1317 4230 rutum,
1330 4172 1385 4217 ME-

315 4266 453 4313 ΝΑΝΔΡΟΣ
468 4266 638 4313 ΠΔΡΡΔΣῘΟΥ.
