3017 5000
263 425 333 511 adr
541 429 580 492 P.
614 427 800 495 OVIDII
831 424 1064 496 NASONIS

262 569 413 668 Quaque
429 567 463 640 in
482 567 698 642 Adimantum
715 567 860 642 Phliasia
876 596 979 664 regna
996 583 1161 640 tenentem

311 681 366 754 Ab
384 683 468 754 Jove
485 700 661 770 venerunt,
680 699 713 756 te
730 710 866 783 quoque
882 682 956 757 tela'
965 697 1101 784 petant:

262 799 334 871 Aut
351 816 389 871 ut
405 799 620 874 Amastriacis
639 798 809 900 quondam
824 801 964 872 Lenaeus
980 797 1024 872 ab
1041 796 1110 871 oris

313 915 433 988 Nudus
452 914 602 990 Achillea
619 915 810 991 destituaris
826 915 941 989 humo.

164 1108 167 1116 ,
264 1030 380 1131 thue
396 1029 446 1104 vel
463 1029 670 1132 Eurydamas
689 1049 738 1106 ter
755 1031 880 1105 circum
895 1031 997 1104 husta
1009 1024 1178 1129 Thrasylli

312 1147 377 1218 Est
393 1145 553 1221 Larisseis'
570 1164 688 1246 raptus
704 1146 747 1218 ab
765 1142 863 1220 hoste
878 1147 984 1232 rotis3

264 1261 326 1337 Vel
344 1263 402 1364 qui
418 1293 492 1365 quae
511 1262 616 1337 suerat
636 1280 764 1337 tutatus
779 1265 900 1337 muenia
917 1292 1003 1364 sepe

317 1378 468 1478 Corpore
484 1377 639 1452 lustravit
654 1405 724 1450 non
743 1377 902 1453 diuturna
919 1407 1002 1464 suo;

268 1495 381 1593 thue
397 1522 521 1567 novum
539 1522 638 1594 passa
654 1521 759 1590 genus
775 1492 1042 1594 Hippomeneide
1057 1519 1179 1594 perne,

318 1611 460 1683 'l'ractus
475 1609 510 1682 in
527 1613 639 1684 Actaea
656 1609 761 1684 fertur
775 1609 906 1684 adulter
924 1610 1028 1684 humo
1045 1640 1053 1698 ;

269 1728 340 1814 sic,
360 1729 419 1801 ubi
436 1729 502 1802 vita
519 1745 596 1804 tuos
612 1728 718 1802 invisa
734 1727 909 1829 reliquerit
926 1744 1039 1814 artus,

220 1941 222 1956 Ι
319 1844 455 1920 Ultores
472 1845 603 1948 rapiant
620 1862 717 1948 turpe
736 1844 873 1920 cadaver
886 1844 975 1946 equi.

1291 699 1343 752 330

1295 1861 1348 1930 ³40

269 2012 315 2081 qui
334 2011 443 2066 Pisanos
460 2010 618 2068 eruciatibus
637 2011 784 2066 adficiebat.
866 2012 923 2066 ³33.
943 2012 1025 2080 thue
1041 2015 1087 2064 vel
1096 2012 1264 2081 Eurydamas.
1282 2009 1346 2064 Mos

271 2087 393 2143 Tandem
401 2091 429 2143 in
440 2089 570 2158 Alpheum
576 2089 688 2144 {invisam
694 2091 786 2144 Pisam
834 2089 879 2143 diu
891 2089 961 2160 apud
970 2089 1109 2144 Thessalos
1120 2089 1186 2152 snit,
1200 2098 1230 2142 nt
1239 2086 1348 2140 interfi-

270 2165 784 2236 profluentemdemersueaPisanisest,
834 2169 961 2224 cientium
980 2187 1092 2239 corpora
1113 2168 1181 2221 eirea
1199 2167 1347 2221 occismnm

270 2245 292 2300 si
304 2245 480 2300 vetustissimo
492 2247 625 2301 credimus
636 2246 786 2316 interpreti.
834 2246 971 2316 sepulchra
982 2246 1169 2313 traherentur,
1182 2253 1213 2299 u't
1224 2243 1349 2317 Euryda-

273 2324 345 2376 Sunt
361 2334 451 2378 autem
473 2325 540 2378 Pisas
559 2327 632 2394 juxta
650 2325 785 2395 Alpheum
835 2327 933 2379 mantis
944 2325 1065 2394 exemplo
1082 2333 1202 2389 constat,
1221 2323 1266 2392 qui
1278 2323 1349 2374 circa

270 2403 342 2468 sitae,
356 2403 401 2455 ubi
416 2402 470 2456 ludi
483 2402 602 2475 Olympii
615 2403 787 2458 celebraban-
835 2403 969 2476 Thrasylli
980 2403 993 2472 (
1003 2421 1084 2472 quem
1100 2400 1292 2465 interiecerat)
1306 2410 1349 2452 tn-

271 2487 322 2531 tur.
332 2478 413 2535 Forte
422 2479 526 2549 legend¹
535 2479 592 2535 hic:
602 2482 786 2548 thueillesnb
835 2481 940 2535 mulum
955 2502 971 2535 a
982 2481 1074 2546 Simo,
1098 2477 1228 2551 Thrasylli
1246 2476 1347 2543 fratre,

272 2556 604 2626 qno,etintelligendumde
614 2557 786 2611 Pantaleone.
835 2569 933 2613 tractus
945 2570 1002 2624 est,
1016 2568 1123 2611 auctore
1138 2558 1167 2611 in
1179 2556 1260 2610 ΧΧΙΙ
1273 2554 1349 2609 Iliad.

273 2633 387 2685 Pansan.
399 2651 457 2703 pag.
465 2636 590 2700 ado-242.
602 2633 706 2686 Strtcr.
838 2638 997 2712 Por-physio.

297 2712 363 2781 ’329-
380 2714 487 2778 (tueque
497 2715 524 2764 ir
535 2712 709 2766 Adimantum.
719 2710 787 2763 Adi-
870 2719 928 2772 ³35.
940 2716 1353 2787 Vetqm'qnesneratmratusrae»

273 2799 395 2856 mantus,
410 2788 538 2859 Phyletiae
549 2808 612 2854 rex,
626 2790 715 2843 Ponto
725 2808 788 2843 eon-

273 2868 386 2935 jonam,
399 2864 452 2919 sive
465 2867 475 2932 (
486 2877 515 2920 ut
527 2867 570 2919 alii
580 2864 690 2933 volunt)
703 2868 788 2922 Thes·

272 2947 359 3013 salic,
380 2947 503 3000 Deorum
522 2958 709 3017 contemptor,
730 2948 788 3001 Diis

273 3024 420 3079 sacrificare
432 3025 562 3095 neglexit,
576 3045 604 3079 se
623 3027 684 3096 ipsis
701 3027 789 3095 majo-

273 3122 332 3157 rem
344 3104 489 3173 prasdieans
502 3124 509 3166 y
528 3124 609 3174 quare
624 3125 639 3158 a
652 3107 719 3160 Jove
732 3106 789 3159 sut-

274 3184 346 3237 mine
360 3184 426 3237 ic'tus
444 3184 555 3238 interiit·
574 3184 733 3251 Pausanias,
760 3184 788 3239 in

275 3264 452 3321 Corinthiacis
464 3306 471 3331 ,
492 3265 575 3319 multa
585 3266 651 3327 scitu
662 3266 789 3336 dignissi-

837 2800 882 2850 m'a
890 2816 956 2863 sepe
968 2798 1077 2863 Corpore
1093 2798 1211 2847 lustrari!
1225 2813 1275 2846 eor
1289 2796 1352 2845 date-

840 2885 917 2927 sarna
927 2894 982 2928 saro.
996 2874 1105 2927 Hector.
1116 2872 1194 2926 Dum.

871 2953 929 3022 337.
945 2953 1026 3019 thue
1037 2970 1126 3005 remum
1131 2969 1214 3017 passa
1224 2959 1265 3002 est
1271 2967 1353 3017 ‘erres

837 3033 1353 3099 Itr'ppomene’alethrlllr'ppomeneidenon·

838 3108 1351 3175 nulliveteres.Serihe:«thnenovum

839 3206 912 3255 passa
924 3206 1007 3256 genus
1019 3183 1233 3255 Hippomeneide
1245 3182 1325 3247 lethi,
1336 3204 1352 3230 n

839 3262 1245 3318 adhimonesadnlterumenim
1254 3258 1354 3314 hoedi·

274 3364 320 3398 ma
332 3344 365 3398 de
379 3343 498 3399 Phliasiia
509 3343 634 3413 prodidit.
838 3342 1182 3406 stichonestrelerendnm3
1195 3341 1228 3393 de
1237 3341 1352 3394 Limone

310 3422 367 3476 331.
385 3423 442 3477 Aut
458 3431 487 3474 ut
504 3424 684 3476 Amastriacis.
699 3423 790 3476 Arna·-
840 3434 946 3477 acturus
957 3434 996 3477 est
1006 3421 1076 3475 inira
1087 3441 1153 3475 vem.
1162 3423 1224 3491 459,
1237 3430 1265 3473 et
1273 3439 1353 3472 versu

275 3500 336 3553 stris
349 3502 411 3555 urbs
423 3512 462 3554 est
473 3500 500 3553 iu
516 3501 654 3568 peninsula
665 3541 672 3566 ,
691 3500 791 3555 habene
839 3502 960 3572 proximo
968 3501 1036 3555 sorte
1045 3499 1231 3565 scribendum,
1244 3502 1354 3554 Tractus

277 3588 369 3646 portus
378 3598 409 3631 ex
418 3589 530 3647 utraque
539 3589 629 3647 parte,
638 3598 718 3648 quam
726 3597 792 3633 con·
840 3583 982 3635 Erechthea
992 3582 1082 3639 mmo,
1096 3598 1160 3632 nam
1172 3590 1276 3632 veteres
1288 3581 1355 3631 Tra·

276 3654 344 3708 didit
358 3656 486 3709 Amastris
499 3654 624 3727 Oxyartis
637 3654 706 3721 filia,
724 3676 791 3709 uxor
839 3670 896 3714 ctus
906 3668 933 3710 et
942 3658 1041 3710 Actea.
1054 3656 1089 3710 H.
1103 3683 1137 3696 -
1176 3660 1355 3723 rppomerrer'de.

276 3732 399 3804 Dionysii
416 3732 524 3804 tyranni
536 3732 721 3787 Heracliensis.
737 3736 791 3789 Hic
840 3737 1025 3805 Hippomenes
1045 3734 1213 3787 Athenarum
1232 3734 1354 3803 princeps

276 3810 421 3882 Dionysius
435 3811 546 3865 mneos
560 3810 645 3865 dictus
663 3822 701 3865 est
721 3832 729 3866 ι
745 3813 791 3883 qui
839 3814 908 3880 suit,
923 3813 999 3880 cnjus
1009 3811 1062 3864 tilia
1073 3811 1102 3864 in
1113 3811 1244 3865 adulterio
1253 3811 1354 3880 depre-

277 3888 400 3958 expulsus
420 3908 434 3941 a
451 3889 607 3943 Mithridate
621 3930 628 3957 ‚
646 3890 748 3961 attingit
762 3892 790 3945 in
840 3894 922 3949 hensa
934 3903 989 3959 est,
1005 3902 1105 3959 apatre
1119 3892 1153 3946 ob
1166 3891 1249 3945 scelus
1261 3892 1355 3959 juncta

278 3956 399 4035 Α’χιλὶίως
417 3972 521 4043 epipam,
540 3968 689 4037 inlocum,
709 3989 790 4039 quern
839 3969 1121 4042 equotqnieonclnsus
1129 3988 1212 4039 quum
1222 3970 1355 4025 alimentis

262 4042 399 4099 'Cursum
421 4045 528 4098 Achillis
546 4045 698 4116 adpellant;
715 4050 791 4101 nhia
839 4047 1095 4114 careret,dentesin
1106 4046 1354 4117 puellameonjeeit.

277 4124 330 4177 suis
343 4124 479 4191 desertus,
496 4125 574 4195 periit
587 4128 662 4181 omni
677 4127 791 4183 destitu-
839 4126 955 4181 Adulter
961 4145 1026 4179 vero
1033 4145 1082 4196 per
1089 4126 1227 4196 regionem
1234 4126 1355 4179 Atticam

279 4211 320 4255 tus
332 4220 389 4270 ope.
404 4200 484 4256 Dum.
840 4205 873 4257 ah
885 4205 958 4275 equis
970 4215 1068 4259 tractus
1079 4214 1126 4261 est.
1137 4202 1216 4257 noa.
