3017 5000
420 483 517 554 PER
541 488 575 554 J
602 484 829 557 MASSON.
1091 491 1154 578 ιιι

40 592 41 621 l
105 626 239 699 usensiti
249 654 376 727 quum
386 624 427 700 de
438 624 585 721 Augusti
597 644 706 701 morte
719 626 901 701 diceremus
908 628 1162 731 ,compmhaut

106 742 141 815 dt
154 770 227 816 reru
243 770 315 816 non
331 742 463 817 ridetur
476 760 584 844 poetae
599 744 710 817 verbis
724 762 1006 837 consentaneum,
1022 777 1050 823 ιι
1039 746 1167 824 adfir-

40 818 42 963 l
104 877 250 949 uaretur,
275 888 351 935 enm
371 859 415 935 ob
433 858 549 935 oculus
565 858 751 961 tnicrupdwu
769 862 874 937 modo
898 862 1084 956 densum,
1103 895 1167 942 uec

40 1170 42 1227 i

40 977 192 1052 adhuc
209 978 368 1069 ductum,
384 977 438 1053 his
455 976 660 1053 carminibus
675 978 844 1053 hahuisse.

40 1150 42 1167 .
139 1092 344 1165 Alterutrum
361 1110 472 1168 tamen
488 1089 607 1187 seligat
628 1090 734 1166 lector
753 1093 927 1184 eruditus,
942 1095 1023 1171 satis
1046 1098 1167 1174 coufu-

40 1246 41 1303 ι
104 1222 174 1281 tatus
185 1206 290 1282 fuerit
302 1207 507 1296 Bucherius
528 1225 579 1280 uh
591 1224 627 1281 ct
638 1206 794 1281 Nonsrus
803 1208 883 1309 ,qni
896 1228 1165 1305 autumaverunt,

40 1322 203 1397 Iustus
217 1326 375 1398 anuoU
397 1326 600 1413 Cwncctlx
618 1322 670 1396 rel
687 1322 820 1397 demum
838 1325 963 1400 Ovidis
979 1328 1167 1421 exsulante,

40 1520 41 1523 Ἴ
102 1438 293 1533 athngusto
311 1436 501 1513 adhucdum
516 1437 665 1527 vivente,
682 1437 719 1511 in
734 1435 844 1513 lucem
860 1440 1000 1515 venisse.

40 1544 42 1665 l
139 1554 253 1654 ltaque
280 1554 372 1628 Naso
394 1552 429 1626 id
456 1580 571 1653 opus,
599 1578 659 1626 sua
686 1554 722 1625 in
742 1550 899 1628 exsilium
924 1555 1003 1651 fuga
1027 1575 1167 1660 ruptum

40 1668 208 1763 (Trist.
226 1666 287 1740 lih.
302 1670 355 1755 Il,
372 1696 487 1741 avers
508 1667 622 1767 549),
640 1667 813 1769 deinceps,
827 1670 1168 1802 ethisqnidemtem

40 1782 247 1916 porihus,
265 1778 457 1855 ahsolutum
470 1780 667 1882 ,plerisque
691 1782 815 1857 additis
837 1812 875 1855 ac
898 1784 1061 1873 mutatis,
1092 1784 1169 1861 Ger·

101 1898 203 1969 unico
215 1895 362 1971 Caesari'
353 1896 550 1996 mscriptum
562 1894 796 1996 puhlicijuris,
812 1896 1004 1972 adhucdum
1015 1898 1170 1979 exsulans

101 2010 240 2112 etpanlo
258 2026 336 2084 ante
352 2007 506 2097 obitum,
523 2010 612 2083 serit.
632 2013 735 2085 Hunc
752 2014 841 2085 enim
856 2014 1040 2115 principem
1052 2017 1170 2117 primis

100 2124 165 2201 lihri
182 2130 200 2203 l
217 2125 422 2201 carminibus
437 2123 646 2227 interpellat,
666 2143 699 2198 et
714 2126 757 2200 ad
774 2126 880 2201 sidera
899 2128 1008 2217 tollit3
1030 2132 1120 2207 sicut
1133 2152 1168 2209 et

99 2242 160 2319 aliis
176 2247 214 2320 in
233 2242 336 2331 lucis,
354 2270 391 2317 ac
407 2242 589 2344 presertim
606 2240 673 2316 lih.
688 2245 749 2331 IV,
762 2242 824 2318 uhi
835 2244 933 2320 etiam
952 2248 1003 2323 sui
1019 2251 1172 2325 meminit

101 2362 217 2453 exsilii,
236 2390 320 2436 vers.
339 2359 410 2434 80:

251 2509 387 2567 Sulmonis
397 2509 476 2580 gelidi
487 2509 591 2580 patrica,
608 2511 772 2570 Gemaur'ce,
791 2519 895 2564 nostra,

281 2603 331 2658 Me
341 2602 483 2656 miserum!
494 2601 612 2672 Scythico
624 2615 705 2668 quam
714 2599 807 2670 procul
817 2600 860 2653 illa
871 2602 927 2655 solo
939 2600 993 2654 est!

252 2693 325 2763 Ergo
339 2690 409 2762 egoi
425 2701 480 2744 tam
489 2689 580 2760 longas
590 2687 637 2744 aed
648 2689 801 2758 supprime,
814 2689 909 2756 Musa,
921 2689 1058 2760 querelam

281 2783 343 2837 Non
357 2781 405 2836 tihi
417 2790 480 2834 suut
491 2789 584 2834 moesta
595 2797 668 2834 sacra
679 2780 798 2835 cauenda
810 2777 875 2853 lyra.

137 2915 178 2986 ll.
197 2912 251 2986 Ex
268 2909 336 2984 illis
352 2936 456 3010 purro
479 2904 798 2984 linteaminibus
815 2903 944 3006 liquet,
962 2934 1078 3007 pacem
1101 2907 1166 2982 hoc

99 3047 236 3131 tempore
248 3056 311 3128 per,
321 3026 436 3100 orbem
449 3023 553 3098 fuisse
566 3021 807 3124 compositam,
819 3021 963 3123 ideoque
975 3026 1062 3099 anl
1076 3026 1165 3102 sores

97 3145 266 3222 chsnatas.
285 3144 360 3218 flue
377 3140 512 3242 quidem
524 3138 710 3214 Bucherius
722 3138 808 3212 vidit
822 3165 840 3212 a
852 3157 953 3240 poeta
964 3141 1163 3237 significari,

98 3261 197 3334 sedin
221 3287 264 3334 eo
287 3255 513 3330 hallucinatus
530 3269 602 3340 est,
629 3251 722 3353 quud
747 3279 819 3326 rem
841 3251 885 3329 ad
906 3280 1032 3328 aunum
1051 3257 1095 3330 U.
1126 3257 1165 3330 G.

98 3393 216 3452 ttcfflx
243 3371 367 3448 retulit.
393 3373 464 3446 Nec
486 3369 609 3444 rectius
635 3369 838 3444 eminentiss.
864 3371 1019 3446 Norisins
1037 3381 1046 3412 ¹
1066 3389 1165 3448 autn-

97 3494 202 3581 uarit,
222 3525 242 3558 «
267 3487 399 3590 quade
416 3488 505 3563 Janu
523 3483 640 3561 clauso
657 3484 802 3560 Ovidius
817 3483 960 3574 cecinit,
977 3514 1063 3587 pura
1081 3507 1165 3588 puta

100 3639 115 3670 ι
130 3625 236 3708 poetae
260 3621 339 3677 vota
362 3599 524 3675 censenda
546 3626 638 3688 esse,
665 3598 939 3700 triumphumque
968 3600 1165 3676 Germanico

98 3756 114 3786 ι
132 3719 301 3818 augurari;
315 3717 408 3820 quod
420 3715 527 3790 lihrus
539 3715 718 3788 Fastorum
731 3711 825 3788 exsul
838 3712 1024 3814 scripserit,
1036 3715 1178 3804 vivente,

99 3835 319 3911 »adhucdum
344 3834 509 3928 Augusto.
534 3861 553 3895 ι
581 3827 668 3924 Qnae
683 3843 735 3901 sat
752 3854 920 3928 superque
945 3855 985 3902 ex
1012 3832 1167 3930 superius

97 3953 248 4029 discussis
260 3948 500 4036 convelluntur,
513 3962 552 4022 ut
561 3944 603 4018 iis
611 3942 745 4039 longius
755 3941 925 4014 immorari
934 3970 1020 4042 opus
1029 3971 1099 4016 non
1109 3946 1165 4019 sit.

140 4071 200 4144 Ill.
216 4069 380 4143 Praeterea
392 4064 500 4140 valide
513 4059 738 4146 confirmatur,
747 4059 945 4133 Fastorum
959 4057 1168 4134 lihrushand

127 4245 136 4276 ¹
153 4243 193 4298 ne
207 4244 305 4297 senor.
319 4241 372 4294 ns.
385 4257 442 4308 pag.
455 4256 512 4290 ιω.

209 4341 321 4412 VIII.
942 4328 984 4395 16
