3017 5000
316 544 386 589 '210
644 523 683 589 o.
711 521 901 591 ov1u11
933 523 1069 615 v1ru

371 662 430 735 lv.
447 662 534 737 Anto
551 688 627 735 vero
646 690 744 764 quam
765 662 908 740 Ovidius
926 662 1043 739 Tomos
1054 664 1224 765 petiisset,
1242 683 1277 739 et
1297 694 1403 766 quum

321 778 430 857 adhuc
454 778 491 854 iu
516 778 634 853 itinere
659 798 766 868 esset,
788 780 922 882 pn'orcm
951 779 987 852 Τ
984 780 1101 854 uitium
1121 780 1233 857 lrdroro
1258 783 1405 858 Romam

320 895 422 972 misit.
439 897 514 973 Hoc
529 896 678 997 probant
691 924 765 997 quae
784 895 826 971 ad
840 897 1046 996 superiorem
1060 926 1114 973 au.
1131 928 1166 973 u.
1185 898 1404 985 indiximus,

321 1029 355 1087 et
366 1011 458 1113 quod
470 1014 602 1099 Noster,
616 1010 668 1085 El.
681 1030 705 1097 1,
715 1010 841 1086 librum
849 1011 1035 1114 adloquens
1044 1014 1214 1104 habeurs.
1231 1018 1274 1110 dr
1288 1032 1323 1091 et
1333 1018 1405 1110 [με

490 1157 617 1212 Carmina
629 1178 761 1213 uersuum
774 1160 912 1215 scribentis
922 1172 950 1215 et
962 1162 1015 1216 otia
1025 1174 1167 1233 quaenmt:

518 1248 566 1303 Me
579 1268 670 1317 mare,
685 1269 729 1306 rue
740 1252 831 1317 venti,
844 1270 890 1309 rue
899 1250 956 1307 fera
968 1253 1047 1320 jactat
1059 1252 1162 1323 lupum

321 1368 368 1443 At
392 1368 427 1441 in
454 1369 601 1443 Pontum
628 1370 682 1443 vix
707 1387 863 1454 venerat,
903 1396 1008 1469 quum
1033 1367 1161 1443 librum
1185 1370 1221 1441 lt
1246 1371 1409 1465 Augusto

321 1484 468 1586 scripsit,
487 1501 526 1557 ut
545 1513 603 1560 sua
622 1482 810 1559 defenderet
828 1483 987 1572 crimina,
1007 1482 1133 1587 quibus
1147 1512 1188 1558 eo
1202 1483 1412 1587 pulsusliru·

321 1616 372 1673 rat
382 1655 391 1686 ,
402 1615 501 1699 atque
512 1616 551 1671 ut
557 1598 673 1675 mitius
686 1596 838 1675 exsilium
848 1597 1019 1700 pauloque
1028 1598 1253 1700 propinquius
1262 1615 1409 1699 peteret.

370 1715 466 1814 Quin
484 1716 581 1789 etiam
597 1715 699 1818 paulo
716 1715 993 1817 postadrentum
1011 1715 1145 1811 Elegias
1160 1714 1240 1789 libri
1254 1716 1306 1788 ΙΙΙ
1321 1742 1413 1789 con·
1454 1733 1457 1737 ’

323 1833 466 1936 scripsit.
487 1834 575 1907 Hine
594 1850 645 1907 est
664 1833 757 1935 quod
770 1831 866 1928 Eleg.
886 1852 915 1907 11
934 1835 981 1907 sic
999 1861 1120 1907 orsus:

489 1980 562 2049 Ergo
574 1979 672 2033 eratin
685 1979 743 2034 satis
756 1978 892 2052 Scythiam
906 2000 1012 2050 quoque
1024 1979 1109 2035 visere
1121 1979 1234 2034 nostris:

322 2096 416 2171 addit
431 2124 515 2171 vers.
539 2096 582 2169 15
599 2128 606 2169 :

489 2242 565 2297 Dum
578 2255 670 2298 tamen
680 2255 707 2298 et
719 2244 796 2299 terris
809 2244 905 2299 dubius
918 2244 1033 2314 jactabar
1043 2254 1071 2298 et
1080 2244 1175 2314 undis,

523 2329 642 2385 Fallebat
653 2348 728 2387 curas
738 2350 859 2401 aegmque
869 2330 951 2387 corda
959 2329 1041 2388 labor,

488 2416 528 2472 Ut
539 2414 581 2469 via
593 2414 671 2472 linita
681 2426 736 2479 est,
751 2426 778 2469 et
792 2434 859 2485 opus
868 2414 998 2485 requievit
1008 2414 1107 2482 eundi,

523 2496 559 2552 Et
568 2517 653 2566 poenat
663 2496 739 2552 tellus
751 2509 791 2552 est
803 2496 870 2550 mihi
882 2508 950 2551 tactu
963 2516 1047 2562 mem

489 2583 533 2637 Nil
547 2584 597 2636 nisi
609 2581 763 2651 flerelibet,
778 2593 828 2638 etc.

322 2699 415 2775 Idem
431 2729 472 2775 ex
489 2700 585 2798 Eleg.
615 2721 658 2775 111
675 2717 791 2801 patet,
811 2727 911 2801 quarn
929 2725 1017 2793 aegrr
1039 2700 1134 2773 uxori
1147 2699 1302 2801 scripsit3
1320 2730 1417 2803 prae·

327 2816 442 2890 sertim
461 2845 600 2892 envers.
622 2815 734 2888 5-10:

492 2965 567 3035 Quid
579 2965 645 3019 mihi
658 2985 731 3020 nunc
743 2964 827 3019 animi
839 2965 897 3018 dira
910 2964 1019 3036 regione
1035 2965 1134 3034 jacenti

525 3052 599 3105 luter
609 3049 779 3104 Sauromatas
791 3070 847 3105 essu
859 3048 993 3119 Getasque
1005 3048 1103 3119 putes?

491 3133 547 3188 Nec
558 3133 652 3186 celum
662 3131 766 3201 potior,
780 3151 830 3185 uec
842 3132 915 3200 aquis
928 3131 1094 3184 adsuevimus
1106 3130 1176 3197 istis,
1188 3140 1236 3184 etu

327 3255 396 3326 Nec
412 3249 482 3324 ullu
498 3269 564 3340 est,
583 3268 623 3324 ut
639 3250 753 3352 paucis
771 3250 896 3342 dicatu,
910 3277 985 3349 quat
1003 3247 1110 3349 possit
1125 3245 1301 3338 adolium,
1319 3277 1422 3350 pra·-

326 3385 476 3468 terquam
499 3369 644 3470 primum
669 3369 794 3456 exsilii,
814 3395 938 3441 annum
960 3365 1085 3439 referri.
1113 3367 1218 3437 immo
1244 3383 1302 3438 xtl
1321 3365 1423 3442 circa

322 3512 450 3559 veroum
469 3485 704 3586 aequinoctium
722 3502 888 3560 exaratam
904 3511 997 3574 esse,
1023 3510 1066 3556 ex
1081 3481 1253 3582 prioribus
1270 3503 1425 3559 constat

327 3601 498 3677 versiculis
512 3633 519 3676 :

490 3748 600 3822 Frigora
611 3750 664 3818 jana
680 3747 796 3824 Zaphyn’
808 3745 934 3802 minuunt
945 3765 951 3798 :
962 3764 1086 3815 annoque
1099 3755 1207 3818 peracto

528 3831 646 3902 Longior
657 3833 771 3901 antiquis
783 3832 836 3884 risa
846 3829 952 3884 Maeotis
964 3829 1073 3902 hyems:

495 3915 699 3989 Impositamque
712 3916 776 3983 sibi,
790 3918 834 3985 qui
848 3937 902 3977 nou
915 3916 983 3970 bene
997 3916 1104 3988 pertulit
1116 3917 1208 3970 Hellen
1220 3918 1249 3985 ¹,

528 4003 663 4070 Tempora
676 4006 805 4054 nocturnis
816 4019 890 4070 equa
902 4006 996 4059 diuma
1004 4001 1082 4068 facit,
1093 4011 1143 4054 etc.

362 4145 371 4176 ¹
392 4143 467 4196 Aries
488 4163 602 4215 nempe,
622 4144 697 4212 cujus
714 4143 820 4214 siguum
834 4143 880 4197 Sol
895 4141 1095 4215 ingrediebatur
1114 4143 1207 4196 Martii
1224 4141 1315 4211 x'xm,
1333 4146 1429 4213 juxta

326 4229 416 4284 Nostri
427 4228 556 4295 cattutoo,
569 4231 638 4283 Fast.
658 4228 701 4281 lib.
722 4227 763 4282 lll
773 4268 781 4296 ,
801 4248 868 4282 vers.
887 4231 1010 4302 θήῃ-852.
1030 4229 1069 4282 At
1082 4227 1190 4284 nonnisi
1208 4229 1294 4283 uitus
1311 4230 1428 4288 &taine

326 4315 416 4371 diebus
427 4320 601 4384 equriroctr'um
612 4314 714 4383 signat,
734 4335 800 4369 reru.
812 4316 869 4384 877.
