3017 5000
343 450 346 455 ¹
444 462 540 531 PER
564 467 597 531 J.
624 462 851 533 MASSON.
1006 501 1008 504 ·
1115 474 1180 537 205

123 601 276 677 dr'scrr'rrrire
294 614 303 645 ¹
324 620 555 704 separarentur,
580 621 620 679 ut
635 604 738 681 hahet
754 606 872 681 Cicero
885 616 899 645 ²
915 636 923 680 :
937 607 1031 698 ideo,
1051 626 1090 683 ut
1105 610 1185 685 bre-

121 721 182 795 vior
196 720 208 760 ³
222 739 255 795 et
271 722 458 823 expeditior
474 721 568 796 fieret
580 723 615 795 in
627 722 741 797 Asiam
758 723 947 818 navigatio,
962 752 1060 798 naves
1074 725 1185 800 sinum
1279 813 1285 823 .

120 840 264 939 petebant
275 838 515 926 Conirtdr'ocrm,
528 839 645 940 inquo
658 838 793 915 Iaecdeoe
808 858 878 914 erat
888 860 1025 942 portus,
1038 842 1185 945 hincque

120 956 285 1058 aliquando
296 957 455 1060 plaustris
472 957 769 1033 transvehebantur
779 986 839 1060 per
850 959 971 1033 Isthmi
987 957 1185 1057 ‘angustias

120 1074 267 1150 insinum
285 1074 484 1163 Saronicum,
502 1076 539 1150 in
558 1105 625 1176 qno
646 1072 815 1149 Ceochreoe
830 1094 958 1179 portus.
984 1080 1059 1151 lloc
1075 1078 1127 1155 vel
1144 1108 1185 1155 er

119 1186 211 1262 Ptr'mb
224 1188 350 1264 discere
368 1190 466 1279 licet,
485 1189 542 1293 qui
555 1186 613 1264 lib.
628 1190 689 1276 IV,
705 1217 776 1291 cap.
793 1190 840 1283 4:
860 1191 1183 1280 «Communem,

119 1305 211 1394 uait,
230 1305 331 1395 hinc,
350 1306 442 1383 illinc
459 1306 666 1383 Stltortlctts
691 1304 878 1410 adpellatur
901 1308 994 1385 sinuo
1016 1336 1025 1383 τ
1048 1312 1185 1387 Lecheae

120 1424 242 1513 ubine,
269 1426 445 1500 Cenchreae
465 1422 576 1514 illinc,
599 1424 828 1520 angustiarum
851 1426 1004 1516 termini3
1029 1427 1133 1526 longo
1152 1449 1186 1505 et

120 1572 136 1604 r
151 1541 284 1642 ancipiti
297 1541 429 1615 narium
441 1540 587 1627 ambitu,
600 1568 683 1641 quas
696 1540 894 1637 magnitudo
904 1542 1065 1643 plaustris
1079 1563 1187 1621 trans·

121 1688 136 1719 »
152 1656 219 1730 vehi
246 1656 418 1758 prohihet.
442 1691 460 1723 >r
483 1658 553 1731 Nec
575 1654 673 1734 aliter
696 1656 838 1744 Strabo,
866 1654 925 1731 lib.
952 1661 1060 1735 Vlll:
1086 1694 1104 1729 (ι
1129 1663 1185 1738 Ad

120 1804 134 1835 a
152 1772 400 1862 Schmnuntcm,
413 1774 545 1861 scribit,
556 1790 693 1877 portum
704 1774 941 1870 angustissima
951 1776 1069 1853 Isthmi
1084 1780 1182 1855 tellus

119 1918 135 1951 a
152 1904 216 1974 est,
235 1916 302 1989 qua
318 1888 449 1985 navigia
469 1905 752 1975 transvectantur,
771 1906 834 1963 etc.
855 1924 872 1955 »

158 2010 280 2084 Verum
306 2028 339 2084 et
363 2040 449 2115 sape
466 2040 564 2087 naves
587 2038 648 2113 per
665 2010 831 2086 Isthmum
848 2039 919 2084 non
944 2012 1182 2104 trahebantur,

119 2126 214 2201 sedin
234 2147 337 2230 portu
354 2130 479 2205 Lecto
495 2130 647 2215 stabant,
668 2128 743 2203 dein
761 2128 833 2203 aliae
853 2128 1017 2206 Cenchreis
1034 2162 1185 2210 assume·

117 2243 248 2335 bantur,
270 2249 321 2321 uti
348 2247 400 2324 vel
423 2250 564 2323 Nasonis
586 2244 776 2347 exemplum
801 2246 931 2324 evincit.
964 2248 1067 2345 Quod
1085 2253 1183 2328 etiam

117 2362 200 2439 Ptito
213 2366 405 2454 confirmat,
428 2366 543 2441 Flacci
556 2364 709 2439 Andrum
724 2361 867 2437 insulam
882 2365 987 2438 exsilii
1002 2366 1112 2443 locum
1126 2399 1185 2471 pe-

118 2482 204 2557 tentis
222 2483 288 2558 iter
305 2484 518 2558 describens:
543 2517 560 2546 «
579 2482 752 2582 Trajecto,
773 2481 904 2582 inquit,
923 2483 1021 2556 lonio
1046 2486 1119 2560 sinu
1137 2486 1185 2560 le-

119 2627 134 2660 a
151 2599 245 2693 gebat
264 2627 357 2674 oram
376 2626 481 2699 usque
499 2591 734 2672 Corinthum...
761 2595 815 2669 lhi
840 2600 1036 2673 transmisso
1053 2601 1181 2676 lsthmo

119 2743 134 2776 a
150 2742 165 2786 a
181 2715 312 2788 Lecheo
333 2714 520 2787 Cenchreas
536 2711 650 2785 nasale
671 2712 923 2786 Corinthiorum
985 2744 1184 2821 ascensaque

119 2859 135 2891 ³·
150 2859 246 2930 parra
264 2831 414 2906 oneraria
431 2827 558 2904 solvere
576 2847 731 2916 coactus,
751 2847 813 2905 etc.
833 2865 851 2895 »
1044 2826 1047 2833 ’

157 2958 196 3030 ll.
215 2957 272 3030 Ad
291 2955 406 3031 Ovidii
424 2954 666 3051 navigationem
683 2973 723 3028 ut
740 2955 935 3042 redeamus,
955 2957 984 3029 is
1003 2975 1182 3059 postquam

121 3071 271 3150 Orclreis
296 3073 497 3152 alterarum
523 3073 598 3145 navi
626 3069 787 3159 solverat,
812 3102 873 3174 per
897 3073 1057 3174 Allgraum
1093 3106 1182 3152 marc

119 3212 218 3270 rectus
236 3213 307 3280 est3
326 3212 441 3294 atque,
460 3192 517 3267 uhi
532 3193 676 3292 primum
689 3191 722 3263 in
736 3190 1022 3291 Hellespontiacas
1039 3195 1182 3270 venisset

119 3337 223 3410 aquas,
232 3309 325 3384 llexit
337 3309 372 3382 in
386 3307 503 3380 laevum
516 3297 653 3394 cursus,
669 3322 703 3378 et
714 3304 857 3378 insulam
870 3301 1021 3380 Imbn'rm
1034 3308 1181 3410 adpulit;

119 3507 162 3575 rit,
173 3515 250 3563 rrarr‘a
260 3509 303 3562 illa
316 3508 394 3579 louge
409 3527 461 3562 ase
472 3506 586 3562 invicem
599 3505 687 3559 dissita
700 3525 772 3572 esse,
792 3503 899 3574 quando
914 3505 966 3559 iter
977 3507 1009 3560 ab
1026 3527 1081 3561 uno
1093 3506 1124 3560 ad
1145 3505 1185 3561 al-

120 3600 195 3646 terum
208 3595 313 3666 navigio
324 3593 362 3647 srt.

148 3686 155 3716 ¹
175 3685 299 3756 Quinque
320 3685 417 3739 scilicet
436 3681 550 3738 millium
566 3679 668 3753 spatio,
691 3681 729 3734 uti
748 3679 845 3736 docent
864 3680 952 3750 Mela,
965 3681 1009 3736 lib.
1027 3681 1071 3750 ll,
1082 3701 1137 3752 cap.
1149 3682 1183 3743 3;

119 3765 224 3837 Plinius,
237 3771 279 3824 lib.
292 3769 343 3836 lV,
357 3789 412 3840 cap.
424 3771 448 3836 4.

146 3861 158 3890 ²
173 3858 244 3914 Orat.
256 3861 283 3916 ll
295 3859 322 3914 in
335 3859 453 3914 Rullum.

149 3947 159 3982 ³
174 3952 232 4006 vid.
244 3953 367 4008 Philostr.
381 3951 497 4023 Sophist.
509 3949 608 4020 tib.11,
622 3970 680 4022 pag.
694 3953 738 4005 551
751 3991 760 4016 ,
772 3951 813 4004 ed.
828 3951 896 4021 Lips.

149 4041 161 4079 ⁸
178 4043 230 4112 Qui
241 4044 312 4100 locus
321 4045 431 4100 murcos
443 4043 537 4097 exinde
551 4044 706 4104 vocabatur,
722 4043 794 4112 quod
806 4061 885 4097 nares
897 4061 944 4113 per
955 4060 1019 4096 eum
1037 4059 1069 4094 ex
1085 4057 1141 4093 uno
1160 4039 1188 4094 in

122 4122 222 4178 iterum
233 4147 304 4182 mare
316 4127 504 4191 traherentur,
517 4136 628 4180 notamc
638 4125 669 4180 cl.
683 4126 820 4181 lsVossio
832 4125 866 4180 ad
877 4125 958 4180 Mela
970 4123 1014 4178 lib.
1032 4123 1075 4187 11,
1090 4140 1147 4190 cap.
1162 4121 1187 4173 3.

124 4205 159 4261 lle
169 4211 256 4266 orrico
267 4213 325 4266 ride
339 4211 512 4282 Hesychium.
