3017 5000
429 492 494 559 ΕΤ
520 490 907 560 PRAEFATIONES.
1071 486 1074 491 ’
1139 494 1204 561 283

133 632 290 707 instituto
309 631 443 705 maximi
461 651 588 735 poetae,
604 633 700 708 cedit.
718 632 808 707 liiud
821 649 948 723 autem,
963 650 1125 734 qnantum
1142 634 1208 723 sit,

132 750 321 853 paucissimi
342 748 546 847 intelligunt.
566 754 786 853 Quanquam,
803 752 840 825 in
856 750 1101 852 posterioribus
1122 780 1209 854 prae-

134 868 261 954 sertim,
281 892 391 966 neque
416 867 512 962 vigor
535 866 622 941 idem
651 896 781 971 semper
799 866 902 957 adsit,
921 884 954 940 et
969 895 1210 969 nonnunquam

133 1012 264 1060 manum
279 982 397 1086 potius
411 984 539 1083 injiciat
550 984 683 1059 fortuna
696 986 768 1059 viro
782 1014 880 1086 quam
896 1002 1060 1061 senectus.
1075 986 1213 1061 Accedit

135 1126 259 1175 summa
288 1127 422 1174 morum
447 1098 633 1175 amabilitas
656 1130 693 1176 ac
712 1103 839 1176 candor
855 1135 862 1176 :
881 1131 1010 1176 summa
1031 1103 1212 1193 amicorum

136 1213 342 1288 observantia
358 1242 397 1288 ac
415 1214 525 1289 cultus
550 1246 558 1288 :
583 1244 710 1291 summa
727 1240 805 1313 erga
828 1216 1003 1317 conjugem
1022 1216 1212 1313 benignitas

134 1360 168 1406 ac
179 1360 273 1405 amor
288 1358 296 1405 ε
309 1332 452 1405 maxima
465 1350 640 1433 parentum
655 1336 836 1408 reverentia
852 1364 890 1408 ac
904 1334 1071 1409 studium:
1083 1360 1212 1407 summa

134 1446 274 1549 denique
305 1448 406 1521 animi
433 1444 627 1545 integritas3
652 1478 725 1550 qua
752 1450 894 1526 similem
915 1450 1060 1525 colorem
1079 1449 1212 1551 scriptis

135 1592 269 1665 quoquc
295 1563 495 1654 offundunt,
515 1582 549 1639 ct
566 1564 742 1661 imaginem
765 1567 800 1640 in
826 1568 868 1641 iis
889 1570 942 1642 sui
964 1584 1210 1669 repraesentant.

135 1682 234 1777 Quae,
251 1709 321 1783 quo
333 1682 475 1783 propius
488 1708 508 1754 a
519 1680 585 1755 fine
594 1684 812 1773 ratesabcst,
826 1684 948 1760 clarius
961 1683 1106 1774 elucent,
1124 1685 1213 1758 ideo

137 1825 195 1896 que
217 1796 448 1874 vehementius
465 1796 651 1872 delectant:

313 1972 354 2026 Ut
364 1990 420 2025 esse
434 1970 526 2025 Pbcebi
539 1970 640 2027 dulcius
652 1972 743 2025 lumen
756 1972 824 2026 solet

313 2063 375 2117 Jam
388 2064 442 2132 jam
456 2062 591 2129 cadentis;
607 2074 675 2119 astra
689 2084 773 2133 quum
785 2074 911 2135 repetunt
918 2066 1004 2131 ⁴vices,

317 2156 506 2225 Premiturque
520 2155 616 2209 dubius
626 2167 704 2211 nocte
715 2156 801 2210 vicina
813 2155 877 2211 dies.

206 2458 480 2534 HERCULIS
507 2452 722 2535 CIOFANl
749 2458 1137 2535 SULMONENSIS

559 2635 785 2692 cabrario

345 2793 394 2854 ru
421 2791 695 2894 arlsronas
722 2751 1013 2866 urrumnai,

380 2985 591 3026 ULUSTMSSIMO
608 2985 701 3037 ATQUE
719 2983 969 3025 uoertmnstmo

281 3116 500 3185 noncruo
533 3115 780 3206 sorrroor
812 3115 1087 3184 oouznon.
1172 3074 1174 3077 ’

185 3291 377 3387 Qutlwtffl
396 3291 555 3366 doctrina
571 3308 606 3366 et
624 3290 842 3388 elegantium
863 3289 918 3364 bis
932 3286 1098 3390 Epistoiis
1119 3287 1216 3362 adbi-

141 3406 247 3482 buerit
263 3411 449 3496 Ounno,
464 3433 533 3484 non
549 3410 693 3498 invitus,
711 3409 739 3484 si
752 3409 835 3482 mibi
851 3435 912 3509 per
923 3405 1159 3507 occupationes
1172 3405 1214 3479 li—

141 3543 242 3614 ceret,
259 3525 488 3614 ostenderem,
500 3545 534 3601 et
545 3528 581 3600 ni
593 3526 794 3601 doctissimis
807 3524 997 3626 quibusque
1006 3539 1215 3623 perspectum

140 3656 236 3742 atque
253 3641 462 3743 exploratum
478 3661 575 3719 esset.
604 3643 698 3740 Quid
725 3642 766 3715 de
784 3640 864 3716 artis
880 3638 1020 3742 poeticae
1040 3639 1215 3742 praeceptis

140 3757 257 3851 dicam,
273 3789 347 3862 quae
357 3762 393 3834 in
405 3762 460 3836 his
471 3762 588 3873 insunt
599 3789 666 3835 una
681 3788 758 3836 cnm
771 3759 870 3833 variis
882 3758 1068 3847 affectibus,
1080 3759 1215 3860 quibua,

140 3879 194 3978 qui
210 3897 341 3966 amant,
360 3881 608 3968 excruciantur,
627 3879 753 3981 optime
768 3895 800 3952 et
817 3877 1075 3980 prudentissime
1088 3905 1219 3979 expres·

141 3993 208 4068 sis?
224 3999 264 4071 ln
282 3995 407 4100 quibos
423 3996 496 4072 haec
514 3997 626 4072 omnia
638 3997 685 4070 ita
701 3994 810 4069 edicta
827 4013 861 4068 ct
874 4023 1027 4097 expressa
1038 3994 1216 4090 leguntur,

142 4107 194 4183 vix
210 4129 248 4184 ut
265 4111 357 4214 apud
369 4139 433 4186 nos
448 4111 535 4187 liber
548 4111 612 4202 sit,
633 4113 783 4214 quicum
801 4111 856 4187 bis
871 4110 1219 4186 meritocouseratur:

147 4228 288 4328 quamde
312 4255 385 4306 non
400 4233 528 4308 bonurn
543 4231 643 4334 plane
660 4231 766 4306 iatum
783 4231 907 4305 sortitae
934 4256 1005 4306 esse
1030 4227 1216 4308 videantur,
