3017 5000
294 427 408 519 ‘3³4
531 426 1222 500 TESTIMONIAE'I'JUDICIA
1335 495 1344 509 ,

338 575 500 664 traheret,
514 573 662 675 prodigii
671 572 793 661 instar,
804 572 877 646 ovis
887 588 922 646 et
933 569 1094 673 sulphure
1106 569 1317 645 lustrandum
1326 567 1415 645 exio-

339 693 448 778 timet;
459 709 499 766 ut
510 707 543 764 et
554 688 726 792 Joseplrus
740 687 897 785 Scaliger.
910 687 1023 763 Julius
1036 707 1165 778 autem,
1177 689 1215 762 iu
1224 687 1417 763 Rhetoricis
1444 691 1449 698 '

340 807 426 909 (qui
438 805 534 896 illius
551 803 630 880 libri
643 833 718 878 curu
736 801 810 878 aliis
821 833 888 878 non
899 804 1014 906 paucis
1027 805 1244 906 perierunt),
1259 823 1417 908 tanquam

341 922 535 998 absolutum
552 939 585 995 et
600 920 783 1022 perfeetum
799 922 893 994 omui
906 948 946 994 er
961 938 1057 1023 parte
1068 919 1275 1026 exemplum,
1294 921 1418 1023 scripta

342 1038 414 1138 ejus
439 1037 661 1141 proponebat.
686 1039 804 1138 Neque
825 1053 946 1112 temere
965 1035 1027 1112 alia
1055 1037 1253 1114 auctoritate
1268 1063 1344 1139 quae
1357 1037 1419 1111 do·

343 1154 462 1240 cebet,
482 1151 574 1254 quod
592 1180 661 1226 non
677 1151 777 1226 semel
793 1180 832 1226 ex
848 1151 964 1226 divino
977 1153 1049 1252 ejus
1060 1152 1122 1227 riri
1132 1152 1204 1228 lilio
1221 1152 1337 1226 audire
1347 1179 1420 1228 me·

344 1270 446 1356 mini,
466 1268 593 1369 ubique
611 1265 839 1343 confirmabat.
859 1267 925 1343 Sed
942 1284 1058 1342 natura
1075 1268 1146 1367 ejus
1168 1267 1249 1356 riri,
1272 1267 1418 1354 candor,

344 1385 555 1482 ingenuitas,
581 1383 757 1470 velocitas,
784 1413 858 1486 quae
878 1383 916 1464 in,
938 1383 1187 1459 narrationibus
1206 1384 1421 1486 potissimum

347 1501 480 1590 elucet‚.
491 1531 592 1603 supra
608 1520 725 1578 votum
742 1518 803 1578 est
822 1501 1015 1577 Proximum
1031 1489 1084 1578 est
1099 1531 1196 1599 ergo,
1215 1520 1304 1576 reete
1324 1500 1370 1576 de
1381 1501 1420 1576 iis

344 1614 501 1714 judicare.
521 1647 538 1680 o

396 1733 600 1819 Batonius,
614 1731 654 1804 ad
667 1731 800 1835 Papinii
811 1731 870 1806 lib.
885 1734 940 1822 11,
955 1731 1034 1808 silv.
1051 1753 1102 1824 w,
1120 1761 1183 1835 19:
1202 1767 1219 1799 «
1239 1735 1326 1807 Rem
1342 1729 1421 1805 niti·

347 1845 492 1922 dissimis
509 1846 639 1936 verbis,
659 1866 692 1922 et
708 1847 807 1951 plane
818 1847 970 1952 Calliope
981 1851 1159 1926 oantatriee
1170 1849 1297 1946 dignis,
1309 1863 1421 1924 narrat

348 1964 508 2055 Ovidius,
527 1968 664 2041 Metam.
682 1965 741 2054 lib.
759 1970 801 2042 V.
822 2003 840 2034 n

395 2077 450 2153 Ad
460 2076 518 2152 lib.
530 2081 601 2168 ΙΙΙ,
620 2079 699 2155 Silv.
715 2101 759 2169 n,
776 2079 846 2157 38:
862 2116 881 2149 «
897 2081 1076 2180 Quomodo
1087 2081 1269 2157 Anthedon
1279 2080 1419 2154 sormam

347 2195 530 2296 perdiderit
546 2195 646 2270 nimis
665 2195 831 2293 eleganter
845 2216 879 2272 et
895 2199 1026 2304 poetice
1042 2199 1202 2275 describit
1211 2196 1369 2273 Ovidius.
1386 2228 1403 2260 ι

274 2321 277 2329 ’
397 2313 453 2388 Ad
466 2313 527 2388 lib.
542 2316 611 2403 lll,
623 2313 703 2390 silv.
718 2335 770 2403 tv,
784 2316 832 2410 do
843 2332 876 2390 et
891 2317 935 2410 [μ
953 2346 962 2390 :
978 2351 997 2384 α
1010 2317 1156 2393 Narcissi
1169 2314 1319 2390 fabulam
1331 2339 1419 2416 pont

205 2491 209 2496 .
349 2429 436 2505 ultra
467 2429 650 2507 humanum
681 2429 852 2531 ingenium
875 2430 1013 2507 comiter
1040 2449 1075 2507 et
1102 2449 1249 2527 venuste,
1263 2418 1420 2506 descriliit

351 2548 504 2623 Ovidius.
524 2583 542 2615 »

397 2664 451 2739 Ad
468 2664 528 2739 lib.
548 2663 686 2740 ITteb.
711 2663 779 2738 150
796 2696 805 2738 :
823 2666 965 2739 «Nimia
979 2667 1190 2768 properantia
1207 2693 1294 2768 saepe
1310 2682 1422 2768 peceat

351 2781 513 2869 Ovidius,
537 2810 634 2881 quern
655 2798 763 2855 tamen
781 2783 979 2856 contestatio
996 2784 1132 2885 propria
1150 2780 1420 2858 e'xeusabiliorem

348 2900 443 2987 facit,
463 2898 504 2975 de
522 2927 620 2997 opere
636 2898 772 2976 obusto
786 2898 879 2973 velot
891 2899 1036 2975 auctoris
1050 2919 1160 3004 rapto.
1177 2934 1196 2966 >³

399 3017 486 3093 lbid.
506 3044 592 3093 vers.
611 3044 705 3118 219:
723 3052 740 3083 ιι
762 3017 905 3093 Ovidius
921 3019 1208 3115 ingeniosissimus
1225 3035 1420 3120 poetarum,

351 3154 459 3211 tarnen
474 3163 550 3209 raro
568 3132 787 3209 cautissimus.
808 3166 826 3199 »

400 3251 455 3325 Ad
471 3249 531 3325 lib.
551 3252 605 3339 lt,
627 3275 673 3351 92
697 3279 706 3323 :
734 3282 752 3315 κ
771 3250 857 3325 Sane
873 3278 935 3346 ego
951 3249 1120 3325 Valerium
1138 3250 1294 3326 Flaccum
1316 3254 1421 3347 Argo-

350 3366 483 3441 nautica
500 3363 699 3440 scribentem
726 3362 836 3461 legere
861 3363 968 3454 malo,
994 3394 1093 3468 quarn
1114 3363 1166 3441 vel
1192 3364 1350 3441 Ovidium
1372 3362 1420 3440 vel

352 3480 709 3584 Papinium,qnoru1n
731 3477 790 3553 ille
816 3497 949 3556 tenuem
973 3482 1143 3556 materiam
1158 3479 1294 3556 lascivia
1308 3481 1421 3582 ntique

351 3593 530 3682 violasset,
555 3612 612 3669 aut
634 3594 885 3697 depudicasset‚
911 3597 967 3671 liic
990 3595 1272 3699 magniloquentia
1297 3596 1421 3671 contri·

352 3729 463 3785 vtsset.
479 3744 496 3775 a·

402 3827 489 3901 lbid.
518 3856 601 3903 vers.
626 3854 697 3901 212
716 3860 724 3903 :
745 3864 764 3896 «
789 3830 896 3904 Famae
911 3828 1032 3905 domus
1054 3830 1309 3935 descriptionem
1327 3832 1422 3927 iuge·

354 3944 573 4019 niosissimam
590 3946 748 4040 (Metam.
767 3944 828 4020 lib.
845 3947 957 4045 XII),
977 3974 1040 4049 qua
1058 3950 1237 4023 acutiorem
1254 3967 1288 4024 et
1302 3976 1421 4023 venus-

355 4060 474 4137 tiorem
492 4058 584 4135 nulla
602 4089 666 4163 ope
680 4062 831 4139 humanae
848 4065 969 4140 mentis
986 4066 1232 4163 excogitaveris.
1253 4102 1271 4133 »

403 4177 488 4253 lbid.
507 4206 590 4253 vers.
616 4204 682 4279 172
702 4211 709 4254 :
730 4216 747 4245 α
770 4181 859 4255 Mira
875 4182 1035 4258 suavitate
1051 4201 1084 4257 et
1102 4181 1421 4259 celeritateinimita·
