<?xml version="1.0" encoding="UTF-8"?>
<!DOCTYPE html PUBLIC "-//W3C//DTD XHTML 1.0 Transitional//EN"
    "http://www.w3.org/TR/xhtml1/DTD/xhtml1-transitional.dtd">
<html xmlns="http://www.w3.org/1999/xhtml" xml:lang="en" lang="en">
 <head>
  <title>
</title>
<meta http-equiv="Content-Type" content="text/html;charset=utf-8" />
  <meta name='ocr-system' content='tesseract 3.04.00' />
  <meta name='ocr-capabilities' content='ocr_page ocr_carea ocr_par ocr_line ocrx_word'/>
</head>
<body>
  <div class='ocr_page' id='page_1' title='image "./publiiovidiinas01unkngoog/publiiovidiinas01unkngoog_0218.png"; bbox 0 0 3017 5000; ppageno 0'>
   <div class='ocr_carea' id='block_1_1' title="bbox 417 460 1164 563">
    <p class='ocr_par' dir='ltr' id='par_1_1' title="bbox 417 460 1164 563">
     <span class='ocr_line' id='line_1_1' title="bbox 417 460 1164 563; baseline 0.011 -36"><span class='ocrx_word' id='word_1_1' title='bbox 417 462 514 531; x_wconf 79' lang='lat' dir='ltr'>rna</span> <span class='ocrx_word' id='word_1_2' title='bbox 538 462 571 529; x_wconf 86' lang='lat' dir='ltr'>s.</span> <span class='ocrx_word' id='word_1_3' title='bbox 597 460 827 530; x_wconf 69' lang='lat' dir='ltr'>missos.</span> <span class='ocrx_word' id='word_1_4' title='bbox 1098 490 1164 563; x_wconf 79' lang='lat'>207</span> 
     </span>
    </p>
   </div>
   <div class='ocr_carea' id='block_1_2' title="bbox 106 601 1194 2109">
    <p class='ocr_par' dir='ltr' id='par_1_2' title="bbox 106 601 1167 1293">
     <span class='ocr_line' id='line_1_2' title="bbox 109 601 1166 716; baseline 0.016 -49"><span class='ocrx_word' id='word_1_5' title='bbox 109 601 317 706; x_wconf 77' lang='lat' dir='ltr'>»Apndiuis,</span> <span class='ocrx_word' id='word_1_6' title='bbox 343 602 550 681; x_wconf 84' lang='lat' dir='ltr'>Zerintbium</span> <span class='ocrx_word' id='word_1_7' title='bbox 576 631 675 705; x_wconf 85' lang='lat' dir='ltr'>quem</span> <span class='ocrx_word' id='word_1_8' title='bbox 697 622 824 678; x_wconf 81' lang='lat' dir='ltr'>¹uocant</span> <span class='ocrx_word' id='word_1_9' title='bbox 847 602 985 716; x_wconf 77' lang='lat' dir='ltr'>incolae,</span> <span class='ocrx_word' id='word_1_10' title='bbox 1004 606 1166 709; x_wconf 86' lang='lat' dir='ltr'>tempium</span> 
     </span>
     <span class='ocr_line' id='line_1_3' title="bbox 108 718 1165 824; baseline 0.001 -26"><span class='ocrx_word' id='word_1_11' title='bbox 108 750 121 781; x_wconf 65' lang='lat' dir='ltr'>o</span> <span class='ocrx_word' id='word_1_12' title='bbox 138 738 297 821; x_wconf 82' lang='lat' dir='ltr'>superant.</span> <span class='ocrx_word' id='word_1_13' title='bbox 317 718 402 797; x_wconf 74' lang='lat' dir='ltr'>Alia</span> <span class='ocrx_word' id='word_1_14' title='bbox 416 720 579 817; x_wconf 72' lang='lat' dir='ltr'>angustia</span> <span class='ocrx_word' id='word_1_15' title='bbox 595 721 683 795; x_wconf 86' lang='lat' dir='ltr'>eirea</span> <span class='ocrx_word' id='word_1_16' title='bbox 700 723 869 823; x_wconf 82' lang='lat' dir='ltr'>Tempyra</span> <span class='ocrx_word' id='word_1_17' title='bbox 886 722 1058 824; x_wconf 83' lang='lat' dir='ltr'>excipiunt</span> <span class='ocrx_word' id='word_1_18' title='bbox 1076 724 1165 822; x_wconf 87' lang='lat' dir='ltr'>(boe</span> 
     </span>
     <span class='ocr_line' id='line_1_4' title="bbox 109 834 1167 936; baseline 0.004 -21"><span class='ocrx_word' id='word_1_19' title='bbox 109 834 453 933; x_wconf 68' lang='lat' dir='ltr'>dormitiones),</span> <span class='ocrx_word' id='word_1_20' title='bbox 471 868 541 915; x_wconf 86' lang='lat' dir='ltr'>non</span> <span class='ocrx_word' id='word_1_21' title='bbox 558 840 669 915; x_wconf 72' lang='lat' dir='ltr'>mim</span> <span class='ocrx_word' id='word_1_22' title='bbox 683 840 896 936; x_wconf 64' lang='lat' dir='ltr'>confragosa„</span> <span class='ocrx_word' id='word_1_23' title='bbox 913 874 931 907; x_wconf 86' lang='grc'>»</span> <span class='ocrx_word' id='word_1_24' title='bbox 949 840 1038 915; x_wconf 84' lang='lat' dir='ltr'>Hine</span> <span class='ocrx_word' id='word_1_25' title='bbox 1055 861 1167 918; x_wconf 85' lang='lat' dir='ltr'>autem</span> 
     </span>
     <span class='ocr_line' id='line_1_5' title="bbox 107 952 1165 1060; baseline 0.007 -34"><span class='ocrx_word' id='word_1_26' title='bbox 107 952 209 1029; x_wconf 82' lang='lat' dir='ltr'>Noster</span> <span class='ocrx_word' id='word_1_27' title='bbox 225 954 337 1033; x_wconf 83' lang='lat' dir='ltr'>exsilii</span> <span class='ocrx_word' id='word_1_28' title='bbox 353 954 464 1033; x_wconf 77' lang='lat' dir='ltr'>locum</span> <span class='ocrx_word' id='word_1_29' title='bbox 477 956 593 1032; x_wconf 85' lang='lat' dir='ltr'>itinere</span> <span class='ocrx_word' id='word_1_30' title='bbox 606 957 754 1058; x_wconf 76' lang='lat' dir='ltr'>pedestri</span> <span class='ocrx_word' id='word_1_31' title='bbox 770 976 890 1060; x_wconf 84' lang='lat' dir='ltr'>petens</span> <span class='ocrx_word' id='word_1_32' title='bbox 905 958 1023 1035; x_wconf 86' lang='lat' dir='ltr'>debuit</span> <span class='ocrx_word' id='word_1_33' title='bbox 1029 959 1165 1059; x_wconf 69' lang='lat' dir='ltr'>gelidum</span> 
     </span>
     <span class='ocr_line' id='line_1_6' title="bbox 108 1068 1164 1174; baseline 0.009 -34"><span class='ocrx_word' id='word_1_34' title='bbox 108 1068 249 1159; x_wconf 67' lang='lat' dir='ltr'>Timaea,</span> <span class='ocrx_word' id='word_1_35' title='bbox 272 1088 305 1147; x_wconf 85' lang='lat' dir='ltr'>et</span> <span class='ocrx_word' id='word_1_36' title='bbox 322 1089 459 1174; x_wconf 79' lang='lat' dir='ltr'>opertum</span> <span class='ocrx_word' id='word_1_37' title='bbox 485 1074 615 1149; x_wconf 72' lang='lat' dir='ltr'>nudibus</span> <span class='ocrx_word' id='word_1_38' title='bbox 635 1074 774 1149; x_wconf 64' lang='lat' dir='ltr'>Humor</span> <span class='ocrx_word' id='word_1_39' title='bbox 796 1074 955 1163; x_wconf 86' lang='lat' dir='ltr'>transire,</span> <span class='ocrx_word' id='word_1_40' title='bbox 974 1105 1013 1150; x_wconf 87' lang='lat' dir='ltr'>ex</span> <span class='ocrx_word' id='word_1_41' title='bbox 1031 1078 1164 1163; x_wconf 87' lang='lat' dir='ltr'>Ponto,</span> 
     </span>
     <span class='ocr_line' id='line_1_7' title="bbox 106 1183 567 1293; baseline 0.013 -35"><span class='ocrx_word' id='word_1_42' title='bbox 106 1183 151 1259; x_wconf 87' lang='lat' dir='ltr'>lib.</span> <span class='ocrx_word' id='word_1_43' title='bbox 165 1190 222 1277; x_wconf 87' lang='lat' dir='ltr'>IV,</span> <span class='ocrx_word' id='word_1_44' title='bbox 240 1190 348 1293; x_wconf 81' lang='lat' dir='ltr'><strong>Epist.</strong></span> <span class='ocrx_word' id='word_1_45' title='bbox 370 1210 411 1279; x_wconf 85' lang='lat' dir='ltr'>v,</span> <span class='ocrx_word' id='word_1_46' title='bbox 430 1219 513 1266; x_wconf 88' lang='lat' dir='ltr'>vers.</span> <span class='ocrx_word' id='word_1_47' title='bbox 535 1190 567 1264; x_wconf 88' lang='lat'>5.</span> 
     </span>
    </p>

    <p class='ocr_par' dir='ltr' id='par_1_3' title="bbox 106 1303 1194 2109">
     <span class='ocr_line' id='line_1_8' title="bbox 133 1303 1194 1410; baseline 0.005 -31"><span class='ocrx_word' id='word_1_48' title='bbox 133 1303 283 1385; x_wconf 65' lang='lat' dir='ltr'>{barem</span> <span class='ocrx_word' id='word_1_49' title='bbox 290 1308 384 1383; x_wconf 81' lang='lat' dir='ltr'>naris</span> <span class='ocrx_word' id='word_1_50' title='bbox 394 1307 549 1397; x_wconf 85' lang='lat' dir='ltr'>secunda,</span> <span class='ocrx_word' id='word_1_51' title='bbox 559 1336 626 1409; x_wconf 87' lang='lat' dir='ltr'>qua</span> <span class='ocrx_word' id='word_1_52' title='bbox 634 1310 726 1383; x_wconf 85' lang='lat' dir='ltr'>Naso</span> <span class='ocrx_word' id='word_1_53' title='bbox 738 1328 870 1410; x_wconf 83' lang='lat' dir='ltr'>aportn</span> <span class='ocrx_word' id='word_1_54' title='bbox 884 1308 1040 1384; x_wconf 64' lang='lat' dir='ltr'>Gemma</span> <span class='ocrx_word' id='word_1_55' title='bbox 1052 1328 1166 1384; x_wconf 84' lang='lat' dir='ltr'>vectus</span> <span class='ocrx_word' id='word_1_56' title='bbox 1189 1310 1194 1317; x_wconf 42' lang='lat'><strong><em>⁹</em></strong></span> 
     </span>
     <span class='ocr_line' id='line_1_9' title="bbox 106 1422 1167 1526; baseline 0.005 -30"><span class='ocrx_word' id='word_1_57' title='bbox 106 1438 160 1497; x_wconf 85' lang='lat' dir='ltr'>erat</span> <span class='ocrx_word' id='word_1_58' title='bbox 172 1422 212 1499; x_wconf 83' lang='lat' dir='ltr'>ad</span> <span class='ocrx_word' id='word_1_59' title='bbox 229 1423 374 1503; x_wconf 81' lang='lat' dir='ltr'>insulam</span> <span class='ocrx_word' id='word_1_60' title='bbox 389 1452 498 1526; x_wconf 86' lang='lat' dir='ltr'>usque</span> <span class='ocrx_word' id='word_1_61' title='bbox 514 1423 780 1511; x_wconf 71' lang='lat' dir='ltr'>Sormhruuizm,</span> <span class='ocrx_word' id='word_1_62' title='bbox 800 1426 879 1499; x_wconf 85' lang='lat' dir='ltr'>hine</span> <span class='ocrx_word' id='word_1_63' title='bbox 896 1427 1017 1503; x_wconf 85' lang='lat' dir='ltr'>iterum</span> <span class='ocrx_word' id='word_1_64' title='bbox 1034 1425 1167 1501; x_wconf 79' lang='lat' dir='ltr'>solvens</span> 
     </span>
     <span class='ocr_line' id='line_1_10' title="bbox 106 1539 1170 1642; baseline 0 -30"><span class='ocrx_word' id='word_1_65' title='bbox 106 1539 198 1636; x_wconf 76' lang='lat' dir='ltr'>pergit</span> <span class='ocrx_word' id='word_1_66' title='bbox 214 1568 276 1642; x_wconf 90' lang='lat' dir='ltr'>per</span> <span class='ocrx_word' id='word_1_67' title='bbox 293 1539 551 1642; x_wconf 74' lang='lat' dir='ltr'><strong>Hellespontum</strong></span> <span class='ocrx_word' id='word_1_68' title='bbox 566 1542 602 1617; x_wconf 86' lang='lat' dir='ltr'>iu</span> <span class='ocrx_word' id='word_1_69' title='bbox 615 1540 787 1617; x_wconf 74' lang='lat' dir='ltr'>Euxinum</span> <span class='ocrx_word' id='word_1_70' title='bbox 803 1570 892 1616; x_wconf 88' lang='lat' dir='ltr'>mare</span> <span class='ocrx_word' id='word_1_71' title='bbox 909 1541 952 1615; x_wconf 88' lang='lat' dir='ltr'>ad</span> <span class='ocrx_word' id='word_1_72' title='bbox 965 1540 1072 1615; x_wconf 82' lang='lat' dir='ltr'>exsilii</span> <span class='ocrx_word' id='word_1_73' title='bbox 1085 1542 1170 1617; x_wconf 87' lang='lat' dir='ltr'>Ovi·</span> 
     </span>
     <span class='ocr_line' id='line_1_11' title="bbox 107 1653 1167 1757; baseline 0.004 -30"><span class='ocrx_word' id='word_1_74' title='bbox 107 1653 180 1729; x_wconf 83' lang='lat' dir='ltr'>diani</span> <span class='ocrx_word' id='word_1_75' title='bbox 199 1655 321 1731; x_wconf 83' lang='lat' dir='ltr'>locum.</span> <span class='ocrx_word' id='word_1_76' title='bbox 338 1658 422 1757; x_wconf 85' lang='lat' dir='ltr'>Ejus</span> <span class='ocrx_word' id='word_1_77' title='bbox 438 1686 572 1733; x_wconf 82' lang='lat' dir='ltr'>cursum</span> <span class='ocrx_word' id='word_1_78' title='bbox 588 1660 714 1733; x_wconf 87' lang='lat' dir='ltr'>Noster</span> <span class='ocrx_word' id='word_1_79' title='bbox 726 1658 852 1732; x_wconf 77' lang='lat' dir='ltr'>ibidem</span> <span class='ocrx_word' id='word_1_80' title='bbox 864 1658 1001 1733; x_wconf 82' lang='lat' dir='ltr'>exbibet</span> <span class='ocrx_word' id='word_1_81' title='bbox 1012 1659 1114 1733; x_wconf 88' lang='lat' dir='ltr'>Trist.</span> <span class='ocrx_word' id='word_1_82' title='bbox 1131 1662 1167 1745; x_wconf 92' lang='lat' dir='ltr'>l,</span> 
     </span>
     <span class='ocr_line' id='line_1_12' title="bbox 108 1773 1168 1874; baseline 0.008 -31"><span class='ocrx_word' id='word_1_83' title='bbox 108 1790 137 1857; x_wconf 77' lang='lat' dir='ltr'>t,</span> <span class='ocrx_word' id='word_1_84' title='bbox 153 1800 268 1851; x_wconf 83' lang='lat' dir='ltr'>avers.</span> <span class='ocrx_word' id='word_1_85' title='bbox 281 1774 417 1867; x_wconf 53' lang='lat' dir='ltr'>alp-42,</span> <span class='ocrx_word' id='word_1_86' title='bbox 436 1773 561 1874; x_wconf 88' lang='lat' dir='ltr'>quibus</span> <span class='ocrx_word' id='word_1_87' title='bbox 576 1774 666 1849; x_wconf 84' lang='lat' dir='ltr'>varia</span> <span class='ocrx_word' id='word_1_88' title='bbox 684 1774 845 1852; x_wconf 70' lang='lat' dir='ltr'>describit</span> <span class='ocrx_word' id='word_1_89' title='bbox 858 1773 932 1850; x_wconf 83' lang='lat' dir='ltr'>loca</span> <span class='ocrx_word' id='word_1_90' title='bbox 941 1775 1100 1851; x_wconf 83' lang='lat' dir='ltr'>litoribus</span> <span class='ocrx_word' id='word_1_91' title='bbox 1110 1775 1168 1851; x_wconf 92' lang='lat' dir='ltr'>ad·</span> 
     </span>
     <span class='ocr_line' id='line_1_13' title="bbox 106 1888 1169 1993; baseline 0.006 -30"><span class='ocrx_word' id='word_1_92' title='bbox 106 1888 216 1986; x_wconf 81' lang='lat' dir='ltr'>posita,</span> <span class='ocrx_word' id='word_1_93' title='bbox 232 1918 306 1990; x_wconf 76' lang='lat' dir='ltr'>qua</span> <span class='ocrx_word' id='word_1_94' title='bbox 320 1890 413 1967; x_wconf 85' lang='lat' dir='ltr'>naris</span> <span class='ocrx_word' id='word_1_95' title='bbox 426 1908 499 1968; x_wconf 86' lang='lat' dir='ltr'>erat</span> <span class='ocrx_word' id='word_1_96' title='bbox 512 1919 575 1969; x_wconf 87' lang='lat' dir='ltr'>suo</span> <span class='ocrx_word' id='word_1_97' title='bbox 588 1891 625 1967; x_wconf 89' lang='lat' dir='ltr'>in</span> <span class='ocrx_word' id='word_1_98' title='bbox 641 1920 740 1970; x_wconf 82' lang='lat' dir='ltr'>eursu</span> <span class='ocrx_word' id='word_1_99' title='bbox 753 1909 1019 1993; x_wconf 73' lang='lat' dir='ltr'>pmterreetura.</span> <span class='ocrx_word' id='word_1_100' title='bbox 1036 1893 1169 1969; x_wconf 81' lang='lat' dir='ltr'>Priores</span> 
     </span>
     <span class='ocr_line' id='line_1_14' title="bbox 108 2006 1077 2109; baseline 0.006 -32"><span class='ocrx_word' id='word_1_101' title='bbox 108 2018 221 2079; x_wconf 88' lang='lat' dir='ltr'>tantum</span> <span class='ocrx_word' id='word_1_102' title='bbox 235 2006 293 2080; x_wconf 87' lang='lat' dir='ltr'>bio</span> <span class='ocrx_word' id='word_1_103' title='bbox 310 2007 574 2097; x_wconf 77' lang='lat' dir='ltr'>transcribendi,</span> <span class='ocrx_word' id='word_1_104' title='bbox 591 2007 685 2109; x_wconf 83' lang='lat' dir='ltr'>qu&#39;od</span> <span class='ocrx_word' id='word_1_105' title='bbox 701 2006 922 2087; x_wconf 66' lang='lat' dir='ltr'>elucidatione</span> <span class='ocrx_word' id='word_1_106' title='bbox 936 2028 1077 2105; x_wconf 76' lang='lat' dir='ltr'>egeant:</span> 
     </span>
    </p>
   </div>
   <div class='ocr_carea' id='block_1_3' title="bbox 258 2161 1021 2338">
    <p class='ocr_par' dir='ltr' id='par_1_4' title="bbox 258 2161 1021 2338">
     <span class='ocr_line' id='line_1_15' title="bbox 291 2161 996 2234; baseline 0.009 -20"><span class='ocrx_word' id='word_1_107' title='bbox 291 2161 517 2232; x_wconf 79' lang='lat' dir='ltr'>Hellespontiacas</span> <span class='ocrx_word' id='word_1_108' title='bbox 531 2162 573 2216; x_wconf 82' lang='lat' dir='ltr'>ilia</span> <span class='ocrx_word' id='word_1_109' title='bbox 584 2168 704 2231; x_wconf 77' lang='lat' dir='ltr'>reliqrrrt¹</span> <span class='ocrx_word' id='word_1_110' title='bbox 717 2183 804 2234; x_wconf 84' lang='lat' dir='ltr'>aquas.</span> <span class='ocrx_word' id='word_1_111' title='bbox 993 2228 996 2232; x_wconf 19' lang='lat'>¹</span> 
     </span>
     <span class='ocr_line' id='line_1_16' title="bbox 258 2252 1021 2338; baseline 0.003 -33"><span class='ocrx_word' id='word_1_112' title='bbox 258 2252 475 2323; x_wconf 79' lang='lat' dir='ltr'>Dardaniamque</span> <span class='ocrx_word' id='word_1_113' title='bbox 484 2260 551 2322; x_wconf 78' lang='lat' dir='ltr'>petit</span> <span class='ocrx_word' id='word_1_114' title='bbox 559 2256 672 2307; x_wconf 84' lang='lat' dir='ltr'>auctoris</span> <span class='ocrx_word' id='word_1_115' title='bbox 684 2274 784 2308; x_wconf 85' lang='lat' dir='ltr'>nomen</span> <span class='ocrx_word' id='word_1_116' title='bbox 798 2254 957 2338; x_wconf 74' lang='lat' dir='ltr'>habentem,</span> <span class='ocrx_word' id='word_1_117' title='bbox 971 2267 1021 2310; x_wconf 87' lang='lat' dir='ltr'>ete.</span> 
     </span>
    </p>
   </div>
   <div class='ocr_carea' id='block_1_4' title="bbox 108 2379 1167 2485">
    <p class='ocr_par' dir='ltr' id='par_1_5' title="bbox 108 2379 1167 2485">
     <span class='ocr_line' id='line_1_17' title="bbox 108 2379 1167 2485; baseline 0.008 -37"><span class='ocrx_word' id='word_1_118' title='bbox 108 2404 200 2479; x_wconf 87' lang='lat' dir='ltr'>neque</span> <span class='ocrx_word' id='word_1_119' title='bbox 210 2379 430 2481; x_wconf 83' lang='lat' dir='ltr'>praetereundi</span> <span class='ocrx_word' id='word_1_120' title='bbox 443 2397 524 2454; x_wconf 89' lang='lat' dir='ltr'>sunt</span> <span class='ocrx_word' id='word_1_121' title='bbox 539 2379 701 2485; x_wconf 88' lang='lat' dir='ltr'>postremi</span> <span class='ocrx_word' id='word_1_122' title='bbox 715 2380 862 2480; x_wconf 82' lang='lat' dir='ltr'>ejusdem</span> <span class='ocrx_word' id='word_1_123' title='bbox 874 2380 998 2479; x_wconf 80' lang='lat' dir='ltr'>Elegiae</span> <span class='ocrx_word' id='word_1_124' title='bbox 1007 2411 1053 2457; x_wconf 88' lang='lat' dir='ltr'>vs.</span> <span class='ocrx_word' id='word_1_125' title='bbox 1067 2411 1088 2456; x_wconf 90' lang='lat' dir='ltr'>a</span> <span class='ocrx_word' id='word_1_126' title='bbox 1100 2384 1146 2477; x_wconf 71' lang='grc'>45</span> <span class='ocrx_word' id='word_1_127' title='bbox 1160 2415 1167 2457; x_wconf 91' lang='lat'>:</span> 
     </span>
    </p>
   </div>
   <div class='ocr_carea' id='block_1_5' title="bbox 257 2539 1093 3064">
    <p class='ocr_par' dir='ltr' id='par_1_6' title="bbox 257 2539 1093 2699">
     <span class='ocr_line' id='line_1_18' title="bbox 257 2539 1093 2610; baseline 0 -16"><span class='ocrx_word' id='word_1_128' title='bbox 257 2541 314 2594; x_wconf 87' lang='lat' dir='ltr'>Vos</span> <span class='ocrx_word' id='word_1_129' title='bbox 325 2557 450 2610; x_wconf 89' lang='lat' dir='ltr'>quoque,</span> <span class='ocrx_word' id='word_1_130' title='bbox 465 2541 634 2610; x_wconf 76' lang='lat' dir='ltr'>Tyndarriie,</span> <span class='ocrx_word' id='word_1_131' title='bbox 652 2557 717 2610; x_wconf 80' lang='lat' dir='ltr'>quos</span> <span class='ocrx_word' id='word_1_132' title='bbox 731 2539 788 2594; x_wconf 71' lang='lat' dir='ltr'>hoc</span> <span class='ocrx_word' id='word_1_133' title='bbox 798 2539 860 2594; x_wconf 81' lang='lat' dir='ltr'>coiit</span> <span class='ocrx_word' id='word_1_134' title='bbox 871 2539 957 2594; x_wconf 85' lang='lat' dir='ltr'>insula</span> <span class='ocrx_word' id='word_1_135' title='bbox 967 2539 1093 2608; x_wconf 56' lang='lat' dir='ltr'>,fratrer</span> 
     </span>
     <span class='ocr_line' id='line_1_19' title="bbox 290 2629 928 2699; baseline -0.003 -15"><span class='ocrx_word' id='word_1_136' title='bbox 290 2629 374 2696; x_wconf 89' lang='lat' dir='ltr'>Mite,</span> <span class='ocrx_word' id='word_1_137' title='bbox 388 2649 499 2699; x_wconf 84' lang='lat' dir='ltr'>precor,</span> <span class='ocrx_word' id='word_1_138' title='bbox 513 2633 624 2697; x_wconf 76' lang='lat' dir='ltr'>duplici,</span> <span class='ocrx_word' id='word_1_139' title='bbox 638 2649 756 2694; x_wconf 84' lang='lat' dir='ltr'>numen,</span> <span class='ocrx_word' id='word_1_140' title='bbox 771 2629 859 2684; x_wconf 81' lang='lat' dir='ltr'>adeste</span> <span class='ocrx_word' id='word_1_141' title='bbox 872 2636 928 2684; x_wconf 75' lang='lat' dir='ltr'>oia.</span> 
     </span>
    </p>

    <p class='ocr_par' dir='ltr' id='par_1_7' title="bbox 258 2721 986 2883">
     <span class='ocr_line' id='line_1_20' title="bbox 258 2721 986 2792; baseline 0.003 -18"><span class='ocrx_word' id='word_1_142' title='bbox 258 2721 351 2776; x_wconf 84' lang='lat' dir='ltr'>Altera</span> <span class='ocrx_word' id='word_1_143' title='bbox 362 2739 479 2790; x_wconf 77' lang='lat' dir='ltr'>namque</span> <span class='ocrx_word' id='word_1_144' title='bbox 491 2731 566 2790; x_wconf 85' lang='lat' dir='ltr'>parat</span> <span class='ocrx_word' id='word_1_145' title='bbox 578 2722 760 2792; x_wconf 66' lang='lat' dir='ltr'>Symplegados</span> <span class='ocrx_word' id='word_1_146' title='bbox 771 2721 810 2775; x_wconf 85' lang='lat' dir='ltr'>ire</span> <span class='ocrx_word' id='word_1_147' title='bbox 824 2741 872 2792; x_wconf 86' lang='lat' dir='ltr'>per</span> <span class='ocrx_word' id='word_1_148' title='bbox 882 2735 986 2787; x_wconf 85' lang='lat' dir='ltr'>aretas;</span> 
     </span>
     <span class='ocr_line' id='line_1_21' title="bbox 290 2813 870 2883; baseline -0.005 -13"><span class='ocrx_word' id='word_1_149' title='bbox 290 2813 422 2871; x_wconf 78' lang='lat' dir='ltr'>Sdndere</span> <span class='ocrx_word' id='word_1_150' title='bbox 432 2815 569 2872; x_wconf 63' lang='lat' dir='ltr'>saronas</span> <span class='ocrx_word' id='word_1_151' title='bbox 580 2815 663 2870; x_wconf 78' lang='lat' dir='ltr'>altera</span> <span class='ocrx_word' id='word_1_152' title='bbox 676 2814 770 2883; x_wconf 79' lang='lat' dir='ltr'>puppis</span> <span class='ocrx_word' id='word_1_153' title='bbox 780 2833 870 2882; x_wconf 71' lang='lat' dir='ltr'>uuus.</span> 
     </span>
    </p>

    <p class='ocr_par' dir='ltr' id='par_1_8' title="bbox 261 2904 1020 3064">
     <span class='ocr_line' id='line_1_22' title="bbox 261 2904 1020 2975; baseline 0.001 -15"><span class='ocrx_word' id='word_1_154' title='bbox 261 2907 318 2960; x_wconf 87' lang='lat' dir='ltr'>Vos</span> <span class='ocrx_word' id='word_1_155' title='bbox 331 2905 409 2960; x_wconf 78' lang='lat' dir='ltr'>facite</span> <span class='ocrx_word' id='word_1_156' title='bbox 420 2945 427 2973; x_wconf 85' lang='lat'>‚</span> <span class='ocrx_word' id='word_1_157' title='bbox 438 2917 471 2962; x_wconf 81' lang='lat' dir='ltr'>ut.</span> <span class='ocrx_word' id='word_1_158' title='bbox 482 2916 591 2966; x_wconf 76' lang='lat' dir='ltr'>ventos.</span> <span class='ocrx_word' id='word_1_159' title='bbox 607 2904 662 2958; x_wconf 74' lang='lat' dir='ltr'>toea</span> <span class='ocrx_word' id='word_1_160' title='bbox 675 2925 759 2974; x_wconf 83' lang='lat' dir='ltr'>quum</span> <span class='ocrx_word' id='word_1_161' title='bbox 772 2905 879 2961; x_wconf 72' lang='lat' dir='ltr'>diversa</span> <span class='ocrx_word' id='word_1_162' title='bbox 886 2917 1020 2975; x_wconf 83' lang='lat' dir='ltr'>petamus,</span> 
     </span>
     <span class='ocr_line' id='line_1_23' title="bbox 294 2997 837 3064; baseline -0.006 -11"><span class='ocrx_word' id='word_1_163' title='bbox 294 2998 342 3053; x_wconf 80' lang='lat' dir='ltr'>ltta</span> <span class='ocrx_word' id='word_1_164' title='bbox 352 3017 413 3054; x_wconf 85' lang='lat' dir='ltr'>suos</span> <span class='ocrx_word' id='word_1_165' title='bbox 425 2997 536 3064; x_wconf 84' lang='lat' dir='ltr'>babeat,</span> <span class='ocrx_word' id='word_1_166' title='bbox 548 3017 598 3052; x_wconf 85' lang='lat' dir='ltr'>nec</span> <span class='ocrx_word' id='word_1_167' title='bbox 609 2998 698 3052; x_wconf 86' lang='lat' dir='ltr'>minus</span> <span class='ocrx_word' id='word_1_168' title='bbox 708 2998 756 3052; x_wconf 87' lang='lat' dir='ltr'>ista</span> <span class='ocrx_word' id='word_1_169' title='bbox 768 3017 837 3052; x_wconf 73' lang='lat' dir='ltr'>suos·</span> 
     </span>
    </p>
   </div>
   <div class='ocr_carea' id='block_1_6' title="bbox 113 3113 1195 3218">
    <p class='ocr_par' dir='ltr' id='par_1_9' title="bbox 113 3113 1195 3218">
     <span class='ocr_line' id='line_1_24' title="bbox 113 3113 1195 3218; baseline 0.006 -31"><span class='ocrx_word' id='word_1_170' title='bbox 113 3115 277 3217; x_wconf 78' lang='lat' dir='ltr'>exquibus</span> <span class='ocrx_word' id='word_1_171' title='bbox 301 3126 346 3190; x_wconf 87' lang='lat'>1⁰.</span> <span class='ocrx_word' id='word_1_172' title='bbox 366 3113 627 3204; x_wconf 86' lang='lat' dir='ltr'>confirmantur,</span> <span class='ocrx_word' id='word_1_173' title='bbox 651 3144 725 3218; x_wconf 79' lang='lat' dir='ltr'>que</span> <span class='ocrx_word' id='word_1_174' title='bbox 741 3116 843 3196; x_wconf 89' lang='lat' dir='ltr'>modo</span> <span class='ocrx_word' id='word_1_175' title='bbox 859 3116 1005 3194; x_wconf 83' lang='lat' dir='ltr'>diximus</span> <span class='ocrx_word' id='word_1_176' title='bbox 1027 3116 1068 3193; x_wconf 90' lang='lat' dir='ltr'>de</span> <span class='ocrx_word' id='word_1_177' title='bbox 1084 3117 1173 3193; x_wconf 72' lang='lat' dir='ltr'>tertiis</span> <span class='ocrx_word' id='word_1_178' title='bbox 1193 3158 1195 3162; x_wconf 95' lang='lat'>·</span> 
     </span>
    </p>
   </div>
   <div class='ocr_carea' id='block_1_7' title="bbox 110 3312 1175 3556">
    <p class='ocr_par' dir='ltr' id='par_1_10' title="bbox 110 3312 1175 3556">
     <span class='ocr_line' id='line_1_25' title="bbox 139 3312 1170 3385; baseline 0.001 -17"><span class='ocrx_word' id='word_1_179' title='bbox 139 3313 197 3368; x_wconf 79' lang='lat' dir='ltr'>&#39;Cb</span> <span class='ocrx_word' id='word_1_180' title='bbox 217 3313 303 3368; x_wconf 68' lang='lat' dir='ltr'>ruent</span> <span class='ocrx_word' id='word_1_181' title='bbox 325 3312 453 3368; x_wconf 84' lang='lat' dir='ltr'>Heinsius</span> <span class='ocrx_word' id='word_1_182' title='bbox 468 3324 561 3380; x_wconf 87' lang='lat' dir='ltr'>notat,</span> <span class='ocrx_word' id='word_1_183' title='bbox 586 3333 641 3369; x_wconf 89' lang='lat' dir='ltr'>uno</span> <span class='ocrx_word' id='word_1_184' title='bbox 663 3313 721 3368; x_wconf 92' lang='lat' dir='ltr'>cod.</span> <span class='ocrx_word' id='word_1_185' title='bbox 742 3314 834 3368; x_wconf 87' lang='lat' dir='ltr'>baberi</span> <span class='ocrx_word' id='word_1_186' title='bbox 854 3319 954 3383; x_wconf 73' lang='lat' dir='ltr'>relegit,</span> <span class='ocrx_word' id='word_1_187' title='bbox 977 3335 1057 3384; x_wconf 84' lang='lat' dir='ltr'>seque</span> <span class='ocrx_word' id='word_1_188' title='bbox 1079 3327 1170 3385; x_wconf 85' lang='lat' dir='ltr'>putare</span> 
     </span>
     <span class='ocr_line' id='line_1_26' title="bbox 110 3397 1175 3470; baseline 0 -16"><span class='ocrx_word' id='word_1_189' title='bbox 110 3409 201 3469; x_wconf 70' lang='lat' dir='ltr'>mit,</span> <span class='ocrx_word' id='word_1_190' title='bbox 214 3413 260 3456; x_wconf 87' lang='lat' dir='ltr'>ant</span> <span class='ocrx_word' id='word_1_191' title='bbox 271 3399 336 3470; x_wconf 89' lang='lat' dir='ltr'>quid</span> <span class='ocrx_word' id='word_1_192' title='bbox 346 3399 435 3452; x_wconf 76' lang='lat' dir='ltr'>simite</span> <span class='ocrx_word' id='word_1_193' title='bbox 442 3399 602 3470; x_wconf 66' lang='lat' dir='ltr'>legendum</span> <span class='ocrx_word' id='word_1_194' title='bbox 618 3419 633 3446; x_wconf 73' lang='lat' dir='ltr'>a</span> <span class='ocrx_word' id='word_1_195' title='bbox 645 3417 724 3464; x_wconf 81' lang='lat' dir='ltr'>nam,</span> <span class='ocrx_word' id='word_1_196' title='bbox 738 3398 829 3463; x_wconf 85' lang='lat' dir='ltr'>addit,</span> <span class='ocrx_word' id='word_1_197' title='bbox 843 3397 980 3468; x_wconf 79' lang='lat' dir='ltr'>quomodo</span> <span class='ocrx_word' id='word_1_198' title='bbox 989 3404 1091 3469; x_wconf 73' lang='lat' dir='ltr'>reliqui!</span> <span class='ocrx_word' id='word_1_199' title='bbox 1101 3401 1175 3454; x_wconf 74' lang='lat' dir='ltr'>trat—</span> 
     </span>
     <span class='ocr_line' id='line_1_27' title="bbox 116 3481 1173 3556; baseline -0.002 -13"><span class='ocrx_word' id='word_1_200' title='bbox 116 3483 290 3554; x_wconf 58' lang='lat' dir='ltr'>tharentum,</span> <span class='ocrx_word' id='word_1_201' title='bbox 305 3503 364 3556; x_wconf 82' lang='lat' dir='ltr'>quae</span> <span class='ocrx_word' id='word_1_202' title='bbox 376 3482 543 3540; x_wconf 79' lang='lat' dir='ltr'>Dardanium</span> <span class='ocrx_word' id='word_1_203' title='bbox 558 3495 586 3538; x_wconf 90' lang='lat' dir='ltr'>et</span> <span class='ocrx_word' id='word_1_204' title='bbox 597 3483 772 3552; x_wconf 77' lang='lat' dir='ltr'>Lampsacum</span> <span class='ocrx_word' id='word_1_205' title='bbox 783 3495 810 3537; x_wconf 86' lang='lat' dir='ltr'>et</span> <span class='ocrx_word' id='word_1_206' title='bbox 824 3482 949 3554; x_wconf 80' lang='lat' dir='ltr'>Abydum</span> <span class='ocrx_word' id='word_1_207' title='bbox 957 3481 986 3538; x_wconf 88' lang='lat' dir='ltr'>in</span> <span class='ocrx_word' id='word_1_208' title='bbox 993 3483 1054 3552; x_wconf 87' lang='lat' dir='ltr'>ipsis</span> <span class='ocrx_word' id='word_1_209' title='bbox 1063 3484 1173 3556; x_wconf 62' lang='lat' dir='ltr'>Idebes-</span> 
     </span>
    </p>
   </div>
   <div class='ocr_carea' id='block_1_8' title="bbox 115 3651 1175 4319">
    <p class='ocr_par' dir='ltr' id='par_1_11' title="bbox 115 3651 1175 4319">
     <span class='ocr_line' id='line_1_28' title="bbox 115 3651 1175 3723; baseline 0.001 -19"><span class='ocrx_word' id='word_1_210' title='bbox 115 3651 264 3708; x_wconf 80' lang='lat' dir='ltr'>s&#39;relieentia</span> <span class='ocrx_word' id='word_1_211' title='bbox 276 3653 393 3723; x_wconf 83' lang='lat' dir='ltr'>poetica,</span> <span class='ocrx_word' id='word_1_212' title='bbox 406 3653 459 3706; x_wconf 82' lang='lat' dir='ltr'>sire</span> <span class='ocrx_word' id='word_1_213' title='bbox 474 3671 507 3705; x_wconf 83' lang='lat' dir='ltr'>ex</span> <span class='ocrx_word' id='word_1_214' title='bbox 525 3671 573 3706; x_wconf 84' lang='lat' dir='ltr'>usu</span> <span class='ocrx_word' id='word_1_215' title='bbox 590 3651 706 3722; x_wconf 78' lang='lat' dir='ltr'>vulgari,</span> <span class='ocrx_word' id='word_1_216' title='bbox 729 3651 833 3722; x_wconf 77' lang='lat' dir='ltr'>largiori</span> <span class='ocrx_word' id='word_1_217' title='bbox 855 3671 932 3706; x_wconf 84' lang='lat' dir='ltr'>sensu</span> <span class='ocrx_word' id='word_1_218' title='bbox 952 3655 1175 3720; x_wconf 78' lang='lat' dir='ltr'>Hellespontiacas</span> 
     </span>
     <span class='ocr_line' id='line_1_29' title="bbox 115 3737 1173 3808; baseline 0.001 -16"><span class='ocrx_word' id='word_1_219' title='bbox 115 3753 279 3803; x_wconf 68' lang='lat' dir='ltr'>qmvocare</span> <span class='ocrx_word' id='word_1_220' title='bbox 293 3757 355 3792; x_wconf 77' lang='lat' dir='ltr'>eam</span> <span class='ocrx_word' id='word_1_221' title='bbox 373 3737 454 3794; x_wconf 85' lang='lat' dir='ltr'>maris</span> <span class='ocrx_word' id='word_1_222' title='bbox 470 3737 558 3808; x_wconf 72' lang='lat' dir='ltr'>AEgsai</span> <span class='ocrx_word' id='word_1_223' title='bbox 575 3747 695 3808; x_wconf 76' lang='lat' dir='ltr'>parton,</span> <span class='ocrx_word' id='word_1_224' title='bbox 709 3755 768 3807; x_wconf 68' lang='lat' dir='ltr'>qun</span> <span class='ocrx_word' id='word_1_225' title='bbox 786 3739 854 3793; x_wconf 82' lang='lat' dir='ltr'>rirer</span> <span class='ocrx_word' id='word_1_226' title='bbox 875 3739 1078 3792; x_wconf 65' lang='lat' dir='ltr'>&amp;retinemur</span> <span class='ocrx_word' id='word_1_227' title='bbox 1094 3749 1173 3804; x_wconf 86' lang='lat' dir='ltr'>erat,</span> 
     </span>
     <span class='ocr_line' id='line_1_30' title="bbox 116 3815 1174 3894; baseline -0.001 -18"><span class='ocrx_word' id='word_1_228' title='bbox 116 3815 180 3889; x_wconf 63' lang='lat' dir='ltr'>idque</span> <span class='ocrx_word' id='word_1_229' title='bbox 189 3823 340 3877; x_wconf 83' lang='lat' dir='ltr'>confirmari</span> <span class='ocrx_word' id='word_1_230' title='bbox 352 3841 383 3876; x_wconf 85' lang='lat' dir='ltr'>ex</span> <span class='ocrx_word' id='word_1_231' title='bbox 397 3842 463 3878; x_wconf 85' lang='lat' dir='ltr'>vers.</span> <span class='ocrx_word' id='word_1_232' title='bbox 478 3827 561 3882; x_wconf 63' lang='lat'>15720</span> <span class='ocrx_word' id='word_1_233' title='bbox 572 3816 693 3894; x_wconf 84' lang='lat' dir='ltr'>superius</span> <span class='ocrx_word' id='word_1_234' title='bbox 711 3823 825 3894; x_wconf 76' lang='lat' dir='ltr'>prolatis</span> <span class='ocrx_word' id='word_1_235' title='bbox 837 3821 943 3874; x_wconf 88' lang='lat' dir='ltr'>Deinde</span> <span class='ocrx_word' id='word_1_236' title='bbox 960 3821 1099 3876; x_wconf 84' lang='lat' dir='ltr'>observare</span> <span class='ocrx_word' id='word_1_237' title='bbox 1112 3832 1151 3877; x_wconf 86' lang='lat' dir='ltr'>est</span> <span class='ocrx_word' id='word_1_238' title='bbox 1165 3861 1174 3889; x_wconf 91' lang='lat'>,</span> 
     </span>
     <span class='ocr_line' id='line_1_31' title="bbox 117 3906 1173 3980; baseline 0.001 -20"><span class='ocrx_word' id='word_1_239' title='bbox 117 3907 280 3980; x_wconf 78' lang='lat' dir='ltr'>quodcumque</span> <span class='ocrx_word' id='word_1_240' title='bbox 292 3909 405 3962; x_wconf 84' lang='lat' dir='ltr'>verbum</span> <span class='ocrx_word' id='word_1_241' title='bbox 418 3907 459 3962; x_wconf 87' lang='lat' dir='ltr'>bic</span> <span class='ocrx_word' id='word_1_242' title='bbox 471 3907 574 3978; x_wconf 76' lang='lat' dir='ltr'>legatur</span> <span class='ocrx_word' id='word_1_243' title='bbox 586 3948 593 3975; x_wconf 85' lang='lat'>‚</span> <span class='ocrx_word' id='word_1_244' title='bbox 605 3907 631 3960; x_wconf 90' lang='lat' dir='ltr'>id</span> <span class='ocrx_word' id='word_1_245' title='bbox 646 3927 699 3960; x_wconf 88' lang='lat' dir='ltr'>non</span> <span class='ocrx_word' id='word_1_246' title='bbox 714 3908 741 3960; x_wconf 91' lang='lat' dir='ltr'>in</span> <span class='ocrx_word' id='word_1_247' title='bbox 758 3907 909 3976; x_wconf 67' lang='lat' dir='ltr'>preterito,</span> <span class='ocrx_word' id='word_1_248' title='bbox 920 3906 966 3960; x_wconf 90' lang='lat' dir='ltr'>sed</span> <span class='ocrx_word' id='word_1_249' title='bbox 978 3906 1019 3959; x_wconf 82' lang='lat' dir='ltr'>vel</span> <span class='ocrx_word' id='word_1_250' title='bbox 1032 3907 1173 3977; x_wconf 82' lang='lat' dir='ltr'>praesenti,</span> 
     </span>
     <span class='ocr_line' id='line_1_32' title="bbox 119 3989 1174 4063; baseline -0.002 -17"><span class='ocrx_word' id='word_1_251' title='bbox 119 3989 151 4041; x_wconf 68' lang='lat' dir='ltr'>&#39;sl</span> <span class='ocrx_word' id='word_1_252' title='bbox 160 3991 243 4046; x_wconf 76' lang='lat' dir='ltr'>buturo</span> <span class='ocrx_word' id='word_1_253' title='bbox 255 4004 374 4062; x_wconf 81' lang='lat' dir='ltr'>tempore</span> <span class='ocrx_word' id='word_1_254' title='bbox 386 3991 572 4063; x_wconf 81' lang='lat' dir='ltr'>reponendum</span> <span class='ocrx_word' id='word_1_255' title='bbox 582 4011 648 4056; x_wconf 75' lang='lat' dir='ltr'>esset</span> <span class='ocrx_word' id='word_1_256' title='bbox 654 3991 787 4060; x_wconf 84' lang='lat' dir='ltr'>siquidem</span> <span class='ocrx_word' id='word_1_257' title='bbox 796 3994 938 4046; x_wconf 78' lang='lat' dir='ltr'>uariatum</span> <span class='ocrx_word' id='word_1_258' title='bbox 947 3991 975 4044; x_wconf 91' lang='lat' dir='ltr'>in</span> <span class='ocrx_word' id='word_1_259' title='bbox 983 3991 1174 4045; x_wconf 71' lang='lat' dir='ltr'>Samothracia</span> 
     </span>
     <span class='ocr_line' id='line_1_33' title="bbox 121 4076 1175 4146; baseline 0.001 -19"><span class='ocrx_word' id='word_1_260' title='bbox 121 4085 184 4138; x_wconf 74' lang='lat' dir='ltr'>portu</span> <span class='ocrx_word' id='word_1_261' title='bbox 194 4077 340 4131; x_wconf 85' lang='lat' dir='ltr'>adhucdum</span> <span class='ocrx_word' id='word_1_262' title='bbox 351 4089 423 4142; x_wconf 83' lang='lat' dir='ltr'>erat,</span> <span class='ocrx_word' id='word_1_263' title='bbox 443 4096 526 4146; x_wconf 90' lang='lat' dir='ltr'>quum</span> <span class='ocrx_word' id='word_1_264' title='bbox 545 4077 642 4130; x_wconf 86' lang='lat' dir='ltr'>Noster</span> <span class='ocrx_word' id='word_1_265' title='bbox 660 4076 715 4130; x_wconf 81' lang='lat' dir='ltr'>haee</span> <span class='ocrx_word' id='word_1_266' title='bbox 733 4077 879 4142; x_wconf 83' lang='lat' dir='ltr'>scriberet,</span> <span class='ocrx_word' id='word_1_267' title='bbox 897 4087 928 4130; x_wconf 89' lang='lat' dir='ltr'>ut</span> <span class='ocrx_word' id='word_1_268' title='bbox 944 4078 1040 4130; x_wconf 83' lang='lat' dir='ltr'>invicte</span> <span class='ocrx_word' id='word_1_269' title='bbox 1060 4076 1175 4145; x_wconf 87' lang='lat' dir='ltr'>probant</span> 
     </span>
     <span class='ocr_line' id='line_1_34' title="bbox 122 4159 1174 4231; baseline -0.004 -16"><span class='ocrx_word' id='word_1_270' title='bbox 122 4173 175 4210; x_wconf 66' lang='lat' dir='ltr'>tert·</span> <span class='ocrx_word' id='word_1_271' title='bbox 183 4163 261 4225; x_wconf 52' lang='lat'>4550.</span> <span class='ocrx_word' id='word_1_272' title='bbox 271 4163 381 4216; x_wconf 77' lang='lat' dir='ltr'>Mallem</span> <span class='ocrx_word' id='word_1_273' title='bbox 393 4161 473 4231; x_wconf 74' lang='lat' dir='ltr'>igitur</span> <span class='ocrx_word' id='word_1_274' title='bbox 480 4165 607 4229; x_wconf 80' lang='lat' dir='ltr'>relinquit,</span> <span class='ocrx_word' id='word_1_275' title='bbox 618 4179 697 4230; x_wconf 88' lang='lat' dir='ltr'>quarn</span> <span class='ocrx_word' id='word_1_276' title='bbox 708 4165 809 4229; x_wconf 61' lang='lat' dir='ltr'>telem,</span> <span class='ocrx_word' id='word_1_277' title='bbox 823 4159 954 4215; x_wconf 72' lang='lat' dir='ltr'>ueletiam</span> <span class='ocrx_word' id='word_1_278' title='bbox 962 4166 1095 4230; x_wconf 72' lang='lat' dir='ltr'>mirisquet,</span> <span class='ocrx_word' id='word_1_279' title='bbox 1107 4161 1174 4213; x_wconf 87' lang='lat' dir='ltr'>sieut</span> 
     </span>
     <span class='ocr_line' id='line_1_35' title="bbox 124 4251 353 4319; baseline 0.031 -26"><span class='ocrx_word' id='word_1_280' title='bbox 124 4251 145 4294; x_wconf 85' lang='lat' dir='ltr'>et</span> <span class='ocrx_word' id='word_1_281' title='bbox 153 4263 209 4300; x_wconf 82' lang='lat' dir='ltr'>rers.</span> <span class='ocrx_word' id='word_1_282' title='bbox 219 4267 268 4319; x_wconf 83' lang='lat' dir='ltr'>seq.</span> <span class='ocrx_word' id='word_1_283' title='bbox 277 4257 353 4318; x_wconf 81' lang='lat' dir='ltr'>pelet.</span> 
     </span>
    </p>
   </div>
   <div class='ocr_carea' id='block_1_9' title="bbox 0 0 1516 5000">
    <p class='ocr_par' dir='ltr' id='par_1_12' title="bbox 0 0 1516 5000">
     <span class='ocr_line' id='line_1_36' title="bbox 0 0 1516 5000; baseline 0 0"><span class='ocrx_word' id='word_1_284' title='bbox 0 0 1516 5000; x_wconf 95' lang='lat' dir='ltr'> </span> 
     </span>
    </p>
   </div>
  </div>
 </body>
</html>
