3017 5000
337 424 401 492 322
671 417 1073 488 DEDICATIONES

336 564 511 668 patribus,
541 579 580 636 ut
607 560 805 636 Macrobius
832 561 956 652 refert,
982 577 1106 636 tautmn
1133 559 1245 662 plebis
1272 562 1407 658 gratiam

332 691 493 792 adeptus,
520 715 593 790 qua
607 705 703 762 antea
722 685 904 782 cogebatur
925 685 1089 760 rationem
1110 685 1239 762 dierum
1262 703 1406 788 peterea

333 813 545 916 principibus
563 810 725 901 civitatis,
746 826 787 884 ut
801 826 902 884 natus
921 810 993 910 ipse
1008 807 1167 884 libertino
1191 826 1304 913 patre,
1324 810 1408 884 sicut

332 938 462 1014 Plinius
476 937 610 1012 scribit.
628 952 757 1010 creatus
770 931 930 1010 steatitis
944 931 1088 1022 cunulis,
1101 934 1278 1035 preteritis
1290 935 1332 1008 C.
1346 934 1407 1008 Pe·

331 1061 403 1138 tilio
430 1081 463 1136 et
486 1060 659 1148 Domitio,
686 1087 829 1160 quorum
849 1075 962 1160 patres
988 1055 1143 1132 consules
1161 1056 1314 1146 fuerant3
1341 1087 1405 1158 quo

333 1206 481 1288 ternpore
496 1185 540 1259 ob
559 1182 710 1258 dolorem
727 1182 837 1257 omnis
851 1179 1010 1256 nobilitas
1023 1181 1147 1256 dicitur
1158 1179 1303 1256 annulos
1319 1182 1406 1282 abje-

332 1309 424 1384 cisse.
443 1310 513 1390 Nec
528 1335 593 1382 nos
606 1282 723 1394 lateat,
740 1306 882 1393 fastum,
901 1333 1006 1407 quum
1019 1333 1083 1406 pro
1096 1301 1209 1379 annali
1222 1302 1313 1380 libro
1326 1306 1406 1380 acci·

330 1434 443 1534 pitur,
461 1431 670 1533 frequentius
688 1429 843 1506 secundae
861 1428 1090 1504 declinationis
1107 1455 1179 1504 esse
1191 1447 1270 1517 ;·ut,
1296 1429 1405 1504 Insta-

329 1556 440 1656 batque
456 1554 536 1641 dies,
554 1555 610 1654 qui
624 1553 681 1626 dar
695 1551 941 1649 rorrrinnsostr's;
963 1571 1015 1640 et,
1034 1553 1191 1652 Tempora
1209 1552 1406 1653 sisastosqne

329 1679 408 1754 velis
431 1679 565 1754 evolvere
584 1677 698 1752 mundi.
722 1675 895 1751 Invenitur
912 1694 1021 1751 umen
1039 1694 1073 1749 et
1091 1695 1217 1777 quarte
1231 1677 1324 1779 apud
1338 1679 1405 1752 Lu-

330 1833 468 1892 canum;
488 1819 546 1892 ut,
564 1801 703 1876 Eudoxi
714 1801 995 1894 vincetursostibus
1009 1829 1117 1874 annus.
1146 1801 1252 1898 Quod
1267 1801 1340 1900 ejus
1356 1830 1404 1875 er·

328 1957 402 2003 rore
419 1927 589 2030 prolatum
607 1926 740 2000 Servius
757 1943 875 2026 putat,
901 1926 960 2027 qni
980 1954 1001 1999 a
1019 1925 1190 2002 Prisciauo
1208 1925 1328 1999 merito
1350 1923 1402 1998 de-

327 2050 566 2154 prehenditur,
587 2079 692 2151 quum
715 2049 921 2150 antiquiores
939 2076 1073 2150 quoque
1091 2047 1302 2123 inveniantur
1320 2046 1402 2122 idem

330 2173 483 2250 similiter
494 2171 693 2275 protulisse,
708 2174 836 2246 Varro:
850 2206 868 2238 α
877 2172 1050 2246 Virtutum
1059 2168 1247 2246 cansaJulii
1257 2171 1402 2256 Cesaris,

249 2325 253 2340 ·
332 2331 348 2363 u
369 2299 428 2400 qui
444 2295 550 2372 fastus
567 2297 728 2381 correxit,
748 2296 873 2368 mensis
887 2293 999 2368 Julius
1016 2293 1205 2396 appellatus
1221 2313 1281 2368 est.
1299 2329 1318 2361 a
1342 2297 1401 2370 Co

331 2418 461 2496 lumella
476 2452 483 2494 :
501 2421 654 2492 «Verum
672 2418 706 2490 in
724 2417 888 2517 hacruris
899 2413 1083 2519 disciplina,
1097 2445 1221 2520 sequor
1232 2447 1323 2492 nunc
1335 2421 1402 2492 Eu-

330 2545 407 2619 duxi
425 2561 460 2618 et
476 2541 643 2631 lllctonis,
670 2540 956 2640 antiquorumque
980 2539 1086 2613 fastus
1108 2541 1398 2637 astrologorum.»

248 2656 251 2661 ’
330 2667 509 2743 Sciendum
538 2694 639 2755 sane,
657 2662 819 2739 Ovidium
840 2663 1010 2764 scripsisse
1034 2662 1209 2739 duodecim
1232 2669 1401 2743 Fastorum

331 2790 449 2881 libros,
462 2818 605 2891 quorum
618 2786 719 2863 hodie
730 2816 788 2861 sex
797 2803 931 2867 ,tantum
942 2804 1073 2861 exstant
1085 2818 1093 2861 :
1107 2817 1176 2867 nou
1188 2808 1400 2891 posteaquam

332 2933 383 2991 est
398 2912 563 3009 relegatus
579 2910 615 2984 in
633 2910 803 2997 Pontum,
818 2927 857 2983 ut
872 2907 1007 3009 quidam
1023 2908 1202 2999 adserunt,
1221 2911 1352 2987 adducti
1367 2913 1399 2984 in

334 3065 405 3112 cam
422 3034 613 3138 opinionem
628 3033 681 3109 his
694 3032 871 3119 versibus,
887 3032 947 3133 qui
959 3031 1164 3128 legunturin
1182 3054 1301 3136 quarto
1317 3034 1399 3112 illius

271 3238 272 3241 ,
335 3162 446 3264 operis
462 3160 576 3249 libro,
594 3188 678 3235 vers.
692 3157 736 3231 81
756 3188 765 3232 ε

498 3323 634 3381 Sulmonis
645 3322 737 3394 gelidi,
750 3323 855 3391 patrias,
867 3319 1043 3390 Germanice,
1057 3334 1169 3380 nostre:
1181 3328 1306 3393 (monia)

530 3414 577 3469 Me
587 3414 728 3469 miserum!
742 3413 867 3487 Scythico
878 3432 959 3485 quam
970 3415 1061 3485 procul
1068 3416 1112 3469 ille
1122 3416 1179 3470 solo
1188 3419 1240 3471 est!

335 3562 487 3637 sedante
506 3560 756 3657 relegationem.
778 3558 998 3659 luseripserat
1020 3558 1107 3634 enim
1132 3560 1198 3635 hoe
1222 3588 1304 3663 opus
1326 3562 1396 3633 Au-

336 3700 457 3781 gusto,
475 3685 570 3785 cujus
586 3684 766 3758 editionem
785 3680 842 3756 illa
864 3681 1094 3777 indignissima
1120 3681 1326 3780 relegationis
1345 3712 1397 3757 ca-

336 3808 465 3885 lamitas
482 3806 675 3909 impedivit;
695 3803 788 3906 quod
800 3802 939 3905 planum
950 3822 1001 3879 est
1017 3807 1139 3880 horum
1155 3810 1331 3883 carminum
1345 3835 1397 3881 ar·

341 3949 525 4029 gumerrto,
540 3958 615 4031 que
632 3927 773 4024 legimus
787 3928 823 4002 in
837 3928 940 4003 Trist.
959 3930 1012 4019 ll,
1029 3958 1113 4006 vers.
1132 3930 1201 4033 547
1220 3964 1229 4005 :

498 4104 538 4159 Ne
552 4114 640 4157 tamen
654 4121 733 4156 omne
748 4122 839 4156 meum
851 4102 942 4157 credas
953 4121 1018 4173 opus
1030 4122 1085 4158 esse
1098 4104 1236 4160 remissum
1250 4127 1257 4169 ;

533 4194 608 4263 Saepe
620 4192 681 4247 dedi
696 4204 792 4249 nostre
803 4192 912 4264 mandis
923 4190 1049 4248 velanti.
