3017 5000
316 451 377 517 156
631 457 670 521 P.
698 456 885 523 OVIDII
915 456 1051 523 VITA

311 589 439 691 aliaque
453 592 637 691 spectacula
648 594 749 669 fuisse
762 594 805 667 ab
815 595 971 689 Augusto
986 593 1092 680 edita,
1112 592 1196 667 clare
1207 593 1288 667 satis
1300 594 1385 669 Vel·

312 703 368 778 leii
380 724 554 782 contextus
568 708 711 795 indicat;
725 738 764 785 ex
777 739 868 785 more
878 709 1034 785 nimirum
1046 726 1181 811 recepto
1193 708 1229 782 id
1241 710 1387 799 factum,

313 840 351 895 ut
375 820 471 922 plura
495 822 529 897 id
559 853 663 919 genus
687 827 972 900 consecrationum
989 823 1135 926 exempla
1150 825 1386 925 comprobant.

315 940 371 1013 Sic
387 939 458 1041 ipse
470 940 646 1037 Augustus
660 944 697 1018 in
712 944 832 1019 theatri
843 942 994 1018 Marcelli
1010 942 1214 1017 dedicatione
1230 942 1388 1017 ladasde-

315 1054 385 1143 dit;
403 1058 679 1159 quemadmodum
701 1079 734 1135 et
752 1060 852 1163 paulo
869 1080 945 1135 autc
959 1059 1087 1134 Balbus
1112 1086 1209 1133 suum
1229 1057 1389 1132 dedicans

313 1170 478 1245 theatrum
495 1177 667 1272 spectaculo
684 1174 897 1260 exhibuerat,
915 1191 1066 1247 narrante
1079 1174 1190 1246 Dione
1206 1181 1229 1245 ¹.

365 1285 553 1363 Clarissime
566 1318 643 1365 vero
659 1290 790 1365 ondins
801 1288 983 1385 significat,
997 1287 1096 1363 ludos
1109 1287 1274 1363 solemnes
1283 1286 1396 1361 Marti

317 1430 449 1493 sacros,
467 1424 499 1478 et
514 1407 648 1507 quidem
662 1408 707 1480 ob
726 1404 887 1507 templum
900 1407 942 1480 ab
959 1408 1114 1501 Augusto
1129 1408 1164 1477 in
1177 1433 1238 1479 suo
1250 1406 1341 1478 Foro
1360 1402 1393 1475 ei

318 1534 564 1606 constructum,
585 1536 624 1591 lv
642 1522 731 1594 11)th
747 1522 868 1593 Malas
880 1521 916 1593 in
930 1521 1019 1594 circo
1034 1518 1217 1593 celebratos
1230 1546 1322 1605 esse,
1338 1518 1393 1592 uti

314 1631 380 1729 jam
396 1631 477 1706 alibi
497 1644 510 1673 ²
530 1634 628 1708 uobis
646 1636 866 1709 observatum.
896 1639 1073 1710 Fastorum
1095 1635 1183 1709 cuim
1201 1634 1262 1710 lib.
1284 1636 1329 1723 V,
1347 1632 1393 1706 ad

318 1778 392 1824 eum
410 1751 497 1825 diem
515 1755 640 1827 Noster
656 1753 745 1827 canit
763 1781 783 1825 a
802 1781 885 1826 vers.
905 1750 976 1825 550
991 1782 1000 1826 ε

513 1910 597 1963 Mans
609 1910 699 1973 venit;
712 1920 740 1964 et
750 1910 860 1963 veniens
873 1908 963 1963 bellica
974 1910 1049 1979 signa
1059 1908 1141 1963 dedit.

480 1999 584 2054 Uocon
595 1998 626 2052 ad
639 2000 693 2069 ipse
704 2018 765 2053 suos
775 2000 839 2053 calo
850 1998 985 2054 descendit
996 2014 1141 2065 uosous,

513 2091 677 2162 'l'ernplaque
689 2092 716 2145 in
727 2091 842 2159 Augusto
853 2091 1037 2162 conspicienda
1038 2090 1109 2158 som.

481 2180 517 2234 Et
527 2180 600 2234 Deus
613 2192 651 2235 est
667 2181 776 2251 ingens,
788 2191 816 2234 et
827 2200 893 2251 opus
902 2201 909 2233 :
918 2181 1030 2235 debebat
1044 2179 1072 2234 in
1085 2180 1150 2234 urbe
1197 2215 1200 2222 ·

512 2272 573 2325 Non
590 2272 665 2327 aliter
675 2273 729 2325 nati
741 2274 815 2326 Mem
825 2272 942 2326 babitare
954 2272 1012 2341 sui,
1028 2282 1077 2325 etc.

317 2406 446 2480 Deinde
464 2436 567 2508 quum
590 2407 706 2510 templi
728 2405 739 2445 ³
766 2425 959 2481 ornamenta
974 2407 1047 2481 susc
1070 2404 1261 2508 complexus
1284 2421 1393 2493 esset,

320 2539 607 2622 enumerassetque
624 2551 712 2595 arma
739 2538 773 2595 et
794 2521 900 2623 spolia
918 2522 958 2594 de
978 2520 1134 2595 hostibus
1152 2537 1269 2626 capta,
1294 2517 1398 2592 affixa

320 2638 494 2738 postibus,
512 2657 611 2739 atque
628 2639 822 2741 explicasset
838 2639 926 2713 unde
942 2643 1037 2714 Mors
1060 2665 1244 2733 cognomen
1273 2637 1399 2710 Ultoris

319 2751 494 2840 habuerit,
519 2781 642 2853 curque
670 2754 831 2855 templum
850 2753 955 2827 eidem
980 2752 1017 2826 in
1041 2750 1186 2847 Augusti
1208 2751 1282 2824 soro
1306 2779 1400 2824 con-

324 2885 485 2942 structum
497 2899 505 2956 ;
524 2869 615 2970 quod
628 2897 746 2972 nempe
760 2872 853 2944 Mars
865 2871 1020 2966 Augusto
1032 2871 1136 2972 patris
1146 2897 1279 2957 necem,
1294 2871 1401 2944 Cras-

323 2987 419 3088 sique
434 3005 468 3062 et
485 2988 625 3063 Antonii
637 2987 745 3062 clades
758 2989 913 3063 ulciscenti
921 2985 1094 3063 adfuerat⁴
1114 3019 1121 3061 ε
1136 2988 1267 3062 tandem
1279 2987 1397 3076 addit,

355 3190 363 3218 ¹
382 3186 439 3240 Lib.
452 3185 527 3253 LlV,
537 3205 594 3258 pag.
611 3188 667 3259 539.

274 3331 282 3346 ,
352 3279 365 3309 ²
380 3276 442 3330 Jaui
453 3277 557 3346 Templ.
567 3279 657 3332 Reser.
666 3299 692 3347 p.
704 3279 762 3333 323.

352 3366 363 3400 ³
381 3367 446 3436 Ejus
460 3366 561 3437 effigies
577 3369 605 3423 in
619 3371 696 3424 variis
711 3370 824 3441 Augusti
845 3372 962 3426 nummis
976 3372 1109 3437 cernitur,
1130 3369 1219 3442 quales
1235 3367 1400 3438 iamdudum

320 3451 467 3520 complures
490 3453 538 3504 viri
563 3453 633 3508 docti
650 3455 844 3520 exhibuerunt,
865 3455 929 3510 Ana.
951 3456 1131 3526 Augustinus,
1157 3454 1257 3507 Sebast.
1279 3452 1399 3519 Ile-isso,

321 3533 457 3601 Goltzius,
476 3535 633 3591 Torrentius
647 3537 679 3591 ad
698 3538 810 3592 Sueton.
829 3538 898 3610 Aug.
913 3558 968 3609 cap.
981 3560 1031 3612 sq,
1050 3538 1152 3608 aliique.
1165 3537 1221 3592 Nec
1232 3537 1358 3590 rarisunt
1370 3536 1401 3590 in

297 3617 299 3622 ’
322 3615 456 3672 hodiernis
474 3638 532 3672 rem
557 3620 732 3689 antiquariam
749 3621 893 3674 colentium
911 3619 1050 3683 Cinneliis,
1073 3619 1219 3690 prasertim
1237 3617 1401 3687 Anglicanis.

321 3703 521 3771 Repraescntant
533 3701 655 3756 nonnulli
669 3704 798 3772 templum
818 3704 845 3757 in
863 3703 968 3774 fastigio
984 3703 1131 3772 rotundum
1149 3722 1194 3756 sex
1208 3702 1403 3756 columnarum

321 3805 383 3840 cum
392 3787 474 3840 tribus
486 3788 565 3857 signis
577 3786 747 3854 militaribus,
762 3787 840 3842 achis
851 3787 984 3842 hincinde
997 3787 1084 3841 verbis
1096 3807 1104 3844 ς
1117 3800 1188 3840 malt
1199 3803 1261 3840 υιτ.
1275 3785 1402 3839 Aliorum

323 3869 428 3926 Postica
440 3871 556 3926 Martem
568 3873 672 3926 exhibet
682 3873 848 3927 cernendum
860 3872 887 3926 in
899 3871 989 3926 medio
1000 3872 1092 3942 templi
1111 3882 1224 3940 quatuor
1241 3868 1299 3922 coll.
1317 3880 1401 3923 stan-

321 3967 394 4024 tem,
413 3955 503 4011 dextra
515 3960 620 4027 signum
635 3957 758 4028 legionis,
776 3957 881 4012 sinistra
896 3959 1001 4028 signum
1021 3956 1089 4011 aliud
1109 3955 1222 4009 militare
1237 3953 1294 4009 sine
1312 3954 1403 4024 aquila

324 4051 463 4095 tenentem
473 4065 479 4105 ;
491 4043 519 4095 in
534 4044 587 4096 imo
604 4057 694 4096 nanu.
708 4061 772 4098 nur.

356 4133 368 4170 ⁴
385 4135 461 4187 Vers.
480 4133 529 4206 559
544 4153 591 4202 sqq
604 4153 636 4187 ea
648 4133 816 4204 prosequitur
828 4154 834 4188 ι
847 4156 861 4181 s
873 4133 992 4188 Voverat
1000 4130 1162 4202 hot-,invenis
1173 4141 1253 4196 tunc,
1264 4147 1348 4199 quum
1357 4128 1405 4198 pia

327 4214 433 4269 sustulit
448 4235 520 4270 anm
530 4254 538 4283 ,
550 4227 599 4271 etc.
622 4219 725 4285 Templa
741 4216 828 4285 feres,
847 4227 929 4272 etune
944 4216 1043 4271 victore
1054 4212 1185 4269 vocaberis
1200 4214 1275 4268 Ultor
1284 4222 1334 4266 etc.
1344 4211 1404 4267 Nec
