3017 5000
207 480 269 547 DE
293 478 448 545 OVIDII
472 477 659 546 EXSILIO
684 478 744 545 ΕΤ
770 477 1055 551 SEPULCHRO.
1112 484 1178 579 257

38 620 39 625 ’
106 640 226 697 serente
243 620 363 695 iterum
386 617 570 706 Suetonio,
585 648 656 720 cap.
677 618 741 707 23,
760 598 983 722 praedicabat:
1001 654 1020 689 u
1035 622 1181 699 Matrem

107 780 124 813 s
142 774 233 821 suam
251 772 292 819 ex
310 745 458 831 incesto,
478 742 568 843 quod
595 743 773 839 Augustos
796 772 872 818 cum
888 744 980 821 Iulia
1000 746 1068 821 fitia
1087 776 1181 823 com-

107 904 124 939 »
140 872 305 955 misisset,
327 885 545 969 procreatam.
570 900 587 931 n
612 866 742 954 Credo,
760 885 800 941 ut
823 897 921 941 snum
943 868 1051 969 ipsius
1071 872 1181 947 scelus

105 992 401 1071 communicatione
426 990 488 1065 hac
516 989 619 1065 levius
647 990 814 1080 redderet,
836 992 896 1093 qui
922 1020 996 1068 cum
1024 996 1182 1073 omnibus

106 1119 272 1195 sororibus
292 1118 401 1219 stupri
419 1114 694 1191 consuetudinem
716 1116 848 1190 fecerat.
873 1118 939 1192 Sed
954 1120 1021 1219 jam
1039 1120 1083 1195 ad
1098 1121 1183 1197 alte-

104 1272 165 1321 ram
181 1242 275 1319 illam
293 1258 422 1343 partem
438 1240 600 1315 calamum
617 1260 729 1331 verto,
748 1271 822 1343 quae
838 1241 880 1317 de
902 1243 1083 1345 sepulchro
1100 1248 1180 1343 agit.

104 1372 224 1452 Tomos
240 1366 423 1463 relegatum
441 1363 543 1440 Iuisse
560 1364 773 1439 manifestum
793 1385 853 1443 est.
879 1369 1011 1443 Nomen
1028 1370 1145 1471 oppidi
1164 1400 1184 1446 a

105 1492 249 1569 fabulosa
270 1490 410 1591 Absyrti
422 1488 621 1565 dissectione
640 1518 679 1562 ex
691 1488 832 1575 historia
846 1492 1118 1588 Argonautarum
1129 1522 1183 1569 ar-

106 1618 195 1695 cessit
210 1616 287 1717 ipse
304 1608 469 1703 Ovidius,
488 1608 591 1687 Trist.
618 1612 679 1687 tib.
705 1614 773 1702 ΙΙΙ,
791 1612 884 1711 Eleg.
912 1634 969 1703 tx,
997 1636 1031 1690 et
1047 1646 1124 1692 cum
1140 1647 1182 1693 eo

105 1739 194 1815 multi
215 1738 294 1826 atii,
314 1755 430 1813 eontra
451 1765 538 1838 qnos
555 1764 597 1813 ne
615 1734 742 1811 lusoria
759 1737 896 1838 quidem
913 1766 1002 1813 arma
1028 1740 1183 1842 expedire

106 1864 368 1966 operaepretium
382 1862 483 1937 fuerit
497 1862 664 1939 intestinis
677 1864 766 1939 intra
776 1892 812 1939 se
824 1866 973 1942 dissidiis
981 1867 1182 1947 laborantes.

107 1988 225 2063 Confer
236 1986 525 2089 NotasTbysiiad
535 1985 689 2061 Medeam
698 1990 848 2078 Senem
862 1992 938 2064 Act.
953 1993 1033 2093 1,p.
1043 2020 1087 2066 m.
1104 1992 1182 2068 108.

105 2114 220 2190 Verior
233 2112 519 2213 illornmopinio,
538 2111 597 2213 qui
609 2142 629 2187 a
640 2113 749 2185 Tomo
767 2113 914 2213 quodam
934 2115 1106 2189 conditum
1122 2118 1185 2191 ad-

104 2257 225 2315 serunt.
251 2240 292 2313 lu
305 2238 400 2336 enjus
415 2236 463 2309 rei
478 2234 580 2310 fidem
592 2234 705 2309 adsero
717 2236 818 2310 verba
832 2235 970 2312 Doridis
985 2240 1184 2333 Hoesebelii,

104 2362 198 2437 Notis
213 2361 257 2435 ad
270 2358 518 2437 Bibliotbeeam
533 2358 668 2448 Phoci,
687 2388 721 2460 p.
737 2385 784 2432 m.
805 2357 877 2459 962
894 2388 901 2433 ς
921 2394 939 2426 α
954 2363 1053 2435 Tomi
1067 2365 1184 2440 condi-

108 2521 122 2551 ι
141 2484 225 2562 toris
236 2513 397 2560 nummus
407 2509 511 2560 arens
519 2482 683 2584 Bysantio
691 2480 824 2558 adlatus
832 2486 1036 2587 exstatapud
1047 2488 1099 2560 M.
1110 2488 1187 2563 vet-

105 2645 121 2680 ι
139 2640 267 2696 serum,
282 2627 377 2712 perte
390 2609 526 2683 adversa
538 2607 646 2709 ipsius
654 2608 910 2703 Tomiimagiue
923 2627 957 2682 et
968 2609 1186 2713 inscriptione

106 2768 123 2801 ι
137 2753 265 2812 Tottoc
273 2751 436 2820 K'rtcttIS,
445 2760 557 2808 aversa
564 2731 712 2806 ttercute
721 2748 830 2806 stante
840 2749 875 2805 et
885 2730 991 2806 literis
1003 2751 1187 2804 romercurt

106 2893 122 2926 ι
140 2858 278 2956 insigni.
302 2892 319 2924 s
345 2859 426 2953 Quo
444 2871 730 2955 autem·tempnre
754 2854 878 2928 factum
897 2854 1018 2940 suerit,
1040 2859 1186 2960 reperire

102 2984 250 3060 noudum
268 2982 379 3084 potui.
396 2981 493 3053 lsmd
512 2980 771 3066 tamemmiror,
788 2977 831 3052 ab
856 2979 1035 3054 Herodoto
1058 2981 1186 3058 nullam

103 3107 219 3209 oppidi
238 3106 442 3180 mentionem
465 3101 555 3192 fieri,
574 3102 632 3203 qui
651 3117 761 3174 tamen
783 3100 913 3202 reliqua
935 3103 1036 3176 Ponti
1059 3104 1187 3179 Euxini

101 3232 186 3306 eirea
199 3229 282 3306 lstri
292 3230 380 3304 ostia
390 3225 471 3302 satis
483 3224 653 3299 describit.
670 3226 724 3298 An
735 3242 815 3326 post
830 3224 924 3299 illum
939 3225 1072 3303 demum
1085 3228 1186 3303 Tomi

102 3354 269 3428 conditer?
283 3351 441 3426 Viderint
466 3349 591 3452 quibus
608 3347 841 3422 instructiores
859 3349 1087 3427 Bibliotheca
1114 3353 1186 3426 Pti-

101 3479 177 3554 nius
192 3476 346 3580 quidem,
364 3473 423 3548 lib.
441 3475 500 3561 lv,
515 3500 587 3573 cap.
609 3495 649 3572 17
664 3500 672 3558 ;
691 3469 798 3559 Mela,
815 3469 874 3545 lib.
890 3474 940 3561 ΙΙ,
956 3501 1029 3575 eap.
1046 3499 1069 3546 2
1083 3505 1091 3563 ;
1104 3477 1187 3550 Am·-

100 3603 251 3690 mianus,
270 3598 330 3673 lib.
350 3599 450 3674 XXII
469 3613 502 3670 et
519 3597 655 3673 XXVII
666 3651 676 3682 ,
695 3593 877 3670 desultoris
892 3597 1084 3672 nominasse
1106 3625 1187 3674 cou-

101 3726 204 3812 tenti,
220 3751 282 3798 nec
300 3719 477 3796 verbulum
494 3718 642 3806 addnnn
661 3719 787 3792 Strabo
805 3717 1004 3820 oppidulum
1017 3741 1113 3795 vocat
1127 3722 1187 3798 lib.

99 3851 168 3936 Ill;
188 3848 304 3924 Ovidii
314 3863 403 3921 certe
412 3843 529 3922 exsilio
546 3841 762 3919 nobilitatum
779 3842 854 3916 fuit.
875 3845 925 3917 lta
941 3843 1038 3918 etiam
1055 3845 1189 3921 calami·

100 3993 187 4050 tates
206 4000 403 4069 magnorum
420 3969 585 4054 virorum,
604 3995 674 4042 non
692 3981 787 4042 ortus
799 3967 921 4056 modo,
941 3968 983 4043 ad
999 3965 1119 4044 famam
1132 3999 1190 4044 ur·

98 4099 199 4174 bium
209 4096 346 4174 faciunt.
357 4097 390 4170 A
401 4089 917 4193 Constantinopolitanisdeiude
928 4093 1189 4194 imperatoribus

98 4239 221 4296 eontra
237 4219 442 4322 irruptiones
457 4218 686 4294 Barbarorum
701 4215 858 4316 praesidio
874 4217 1003 4291 munita
1021 4217 1125 4292 fuisse
1140 4217 1190 4290 ri·

174 4359 293 4432 VIII.
965 4383 1012 4455 ‚17
