3017 5000
321 494 387 562 290
657 463 1058 534 nnnrcamouss

321 609 539 698 contulimus,
557 627 596 682 ut
612 609 760 710 apertior
773 607 871 682 vobis
888 626 976 684 esset
990 626 1025 682 et
1037 605 1170 709 planior
1181 607 1223 681 ad
1236 607 1395 682 Ouidiani

320 730 477 806 carminis
495 725 747 829 explicationem
765 727 826 800 via.
847 727 990 801 Habetis
1010 725 1122 801 brevis
1138 725 1246 800 libelli
1263 726 1396 800 brevem

323 843 607 948 praefatiunculam
623 874 630 916 :
648 872 721 944 qua
736 861 848 917 tamen
862 869 978 916 vereor
989 871 1032 920 ne
1044 843 1089 917 sit
1100 869 1197 944 aquo
1211 839 1397 943 prolixior,

324 983 358 1040 et
382 963 529 1039 imitatus
545 961 713 1038 existimer
729 959 836 1036 malos
852 961 1066 1045 architectos,
1085 977 1144 1033 aut
1158 961 1271 1061 inepte
1286 960 1399 1035 ambi-

323 1079 432 1154 tiosos
447 1093 559 1177 patres
575 1074 734 1162 familias,
754 1075 814 1176 qui
829 1103 874 1150 ne
887 1075 923 1148 in
939 1103 975 1148 re
989 1091 1131 1171 angusta
1146 1073 1323 1149 videantur
1338 1103 1398 1148 an·

209 1223 214 1236 ·
324 1210 419 1290 gusta
428 1189 788 1291 habitare,aliquando
798 1190 909 1291 parvis
918 1189 1047 1264 adibus
1061 1216 1180 1286 magna
1192 1207 1400 1292 prastrnunt

322 1304 495 1384 vestibula.

719 1425 1005 1453 mmm

424 1617 479 1700 H.
516 1611 798 1716 ClOFANf,
832 1611 1295 1716 SULMONENSIS,

556 1826 770 1880 PRAEFATIO
787 1825 829 1877 ΙΝ
846 1823 1159 1888 HALIEUTICON,

558 2016 560 2029 ¹
676 2007 885 2048 mmmmm
901 2007 1002 2048 ΔΒΑῊ
1010 2029 1020 2058 ,

492 2151 687 2218 JOANNI
712 2147 984 2215 BAPTISTAE
1015 2147 1237 2214 ALBANO.

374 2345 604 2419 Dttt'lctttot
621 2369 719 2428 sane,
737 2367 776 2412 ac
795 2338 1002 2414 fructuosior
1016 2339 1187 2439 provincia
1208 2357 1276 2428 est,
1304 2367 1403 2439 quam

326 2459 446 2557 vulgus
463 2457 647 2545 existimat,
666 2457 756 2556 ejus,
782 2455 894 2559 quiin
915 2471 1061 2531 veterum
1086 2471 1260 2529 auctorum
1285 2481 1407 2529 monu-

327 2577 448 2653 mentis
464 2574 665 2676 purgandis,
680 2574 740 2647 sed
759 2602 828 2653 non
841 2572 912 2649 sine
930 2599 1061 2646 summo
1079 2568 1193 2665 gloria
1208 2568 1405 2671 splendore,

327 2722 426 2769 omne
441 2721 539 2767 suum
551 2690 701 2767 studium
709 2718 748 2767 ac
760 2689 966 2785 diligentiam
977 2686 1142 2775 collocat3
1159 2686 1262 2761 modo
1276 2686 1408 2788 aliquid

330 2808 563 2905 adgrediatur,
579 2835 618 2880 ac
637 2824 791 2907 praestet,
807 2805 899 2907 quod
916 2804 1061 2906 reipubl.
1089 2802 1246 2878 literaria·
1262 2803 1405 2877 intersit

330 2927 438 3027 quue
458 2925 588 2999 duabus
600 2925 817 3025 potissimum
828 2922 1017 2997 rationibus
1026 2922 1163 2997 efficere
1175 2939 1297 3022 potest.
1313 2922 1407 3018 Qua

331 3070 406 3117 rum
422 3038 526 3118 altera
541 3058 616 3127 est;
652 3039 682 3113 si
703 3040 774 3137 ejus
793 3038 928 3137 operis,
951 3038 1044 3137 quod
1059 3037 1227 3112 illustrare
1251 3038 1407 3125 studeat,

330 3158 476 3260 priscum
490 3154 627 3257 aliquod
641 3152 808 3254 exemplar
819 3169 937 3227 nactus
950 3170 1018 3240 est,
1031 3152 1201 3254 enjusnpe
1210 3154 1409 3254 atqueauxi

331 3274 378 3349 lio
396 3274 515 3361 nixus,
539 3272 612 3345 loca
629 3270 775 3371 aliquot,
792 3271 820 3345 si
838 3269 950 3343 minos
967 3268 1100 3355 omnia,
1124 3298 1198 3369 qun
1212 3270 1248 3342 in
1264 3298 1304 3343 eo
1322 3288 1410 3345 tem·

329 3392 422 3493 poris
439 3388 521 3461 vitio
538 3386 714 3489 depravata
731 3404 811 3462 sunt
820 3442 832 3473 ,
848 3383 989 3461 feliciter
1004 3387 1173 3473 emendet,
1190 3404 1291 3487 atque
1304 3389 1411 3461 inin·

333 3529 464 3605 tegmm
480 3506 642 3582 restituat.
661 3503 777 3581 Altera
794 3532 895 3592 vero,
917 3506 945 3580 si
961 3506 1107 3604 ejusdem
1125 3506 1255 3600 generis
1269 3503 1370 3593 libri,
1392 3534 1411 3580 a

335 3656 404 3727 quo
425 3624 563 3700 mendas
584 3624 712 3705 auferre
735 3638 894 3709 conetur,
914 3622 1080 3722 exemplar
1096 3621 1256 3724 scriptum
1281 3621 1412 3697 nullum

337 3742 512 3845 repperit„
521 3740 720 3839 conjecturis
734 3739 813 3836 ejus·
822 3738 1016 3813 vulneribus
1028 3738 1224 3813 medicinam
1234 3738 1347 3813 faciat
1362 3741 1412 3813 Ex

336 3860 392 3933 his
405 3855 604 3945 ,emendandi
625 3854 833 3941 rationibus,
851 3856 958 3929 tutior
975 3854 1113 3927 omnino
1129 3872 1165 3929 et
1179 3854 1290 3928 minus
1307 3856 1414 3930 audax

339 3976 434 4079 prior
443 3988 502 4047 est.
523 3972 722 4072 Quanquam
738 3972 768 4045 si
782 3972 857 4072 quis
863 3990 933 4059 est,
948 3971 1005 4073 qui
1019 3971 1055 4044 in
1068 3990 1210 4072 utroquo
1222 4000 1257 4047 re
1268 3972 1413 4076 aliquid,

341 4091 433 4193 quod
447 4088 623 4175 doctorum
648 4087 821 4165 hominurn
838 4090 978 4164 auribus
994 4087 1130 4184 dignum
1147 4088 1210 4175 sit,
1235 4086 1413 4173 moliatur,

336 4207 370 4299 js
383 4203 520 4287 summis
537 4218 570 4279 ct
587 4228 693 4304 prope
709 4201 832 4279 divinis
845 4203 1003 4279 laudibus
1019 4202 1224 4279 adficiendus
1236 4222 1304 4292 eat3
1321 4204 1413 4301 eujus
