3017 5000
436 558 532 625 ene
557 559 589 625 J.
619 558 850 628 rrnsson.
958 530 964 546 '
1123 586 1180 630 101

100 696 186 773 Inde
203 714 257 773 est
274 698 366 799 qnod
383 698 485 772 Trist.
504 698 564 773 lib.
580 702 656 787 ΙΙΙ,
674 698 766 796 Eleg.
787 720 859 789 Vll,
877 700 979 790 dicit,
1007 731 1042 777 se
1050 702 1187 803 jndicem

100 812 289 913 carminum·
299 812 418 900 fuisse,
434 840 506 914 quae
530 814 628 887 docta
649 814 769 889 mulier
786 817 958 905 Romana,
975 815 1040 889 sub
1056 816 1187 910 Perille

26 1034 27 1043 ἵ
101 928 239 1001 nomine
256 928 362 1003 latens
383 938 390 967 ¹
405 986 415 1018 ‚
429 930 607 1032 scripserat
623 960 682 1005 non
695 933 800 1031 potnit
816 933 1005 1027 ruore,.hoc
1028 951 1096 1021 est,
1114 962 1184 1007 non

101 1039 205 1115 latina
231 1040 364 1138 lingua,
393 1044 451 1119 sed
468 1072 598 1144 groco,
625 1046 750 1147 quippe
774 1046 871 1144 cnjus
898 1076 985 1147 opus
1006 1048 1075 1121 solo
1098 1062 1187 1121 votes

26 1270 27 1277 ἵ
102 1156 223 1231 Iaesbia
245 1159 384 1261 Sappho
399 1159 569 1250 vincebat,
588 1190 671 1235 vers.
695 1188 734 1232 rr
758 1178 792 1234 et
807 1186 879 1236 ·12:

272 1304 318 1357 Tu
330 1324 455 1375 quoque,
469 1305 526 1372 dic,
540 1305 631 1359 studiis
643 1306 831 1359 communibus
844 1305 938 1374 ecquid
951 1305 1076 1373 inhaeres,

302 1394 442 1465 Doctaque
450 1416 500 1449 non
507 1402 594 1465 parnt
605 1396 722 1450 carmina
733 1416 801 1450 more
810 1396 900 1451 canis?

26 1532 27 1555 ³
106 1511 225 1587 deinde
242 1541 326 1589 vers.
346 1540 420 1587 20:

268 1650 331 1704 Sola
343 1661 420 1705 tuum
433 1658 506 1705 vales
514 1654 610 1705 lesbia
619 1651 708 1705 vincet
719 1670 792 1722 opus.

105 1782 138 1836 et
153 1793 236 1841 vers.
257 1764 304 1837 23
324 1786 358 1841 et
374 1768 444 1860 24:

270 1917 346 1971 Dum
356 1918 444 1985 licuit,
455 1929 502 1973 tuo
512 1937 580 1989 sepe
592 1920 666 1982 mihi,
681 1918 729 1974 tibi
744 1929 835 1973 nostra
844 1919 982 1989 legebam:

304 2008 380 2078 Saepe
392 2009 533 2077 trifida,
545 2028 613 2079 stepe
623 2016 745 2077 magr'ster
754 2028 837 2063 eram.

26 2196 27 2217 χ
108 2126 191 2199 Sunt
209 2144 244 2199 et
265 2124 365 2225 plura
386 2125 474 2214 loca,
495 2126 620 2227 quibus
638 2143 750 2227 patet,
775 2128 902 2201 Nasoni
931 2126 1036 2203 lectos
1062 2130 1185 2203 Home·

109 2272 178 2318 rum
194 2243 348 2344 aliosque
366 2272 492 2339 graecos
510 2245 701 2345 scriptores.
727 2244 814 2318 Vide
837 2246 940 2318 Trist.
965 2244 1024 2319 iib.
1041 2249 1078 2331 Ι,
1093 2245 1190 2343 Eleg.‘

111 2380 147 2449 η
162 2360 222 2435 lib.
247 2362 299 2447 11,
316 2389 399 2435 vers.
420 2358 501 2431 363.
527 2360 625 2435 Adde
645 2361 742 2462 quod
771 2378 805 2434 et
826 2361 977 2435 Athenas
999 2362 1187 2437 studiorum

26 2510 34 2522 ¹·
111 2511 200 2556 causa
216 2478 354 2582 petierit
367 2509 376 2568 ;
391 2478 467 2554 vide
479 2479 539 2553 inf.
559 2479 600 2555 ad
619 2509 694 2555 ann.
715 2482 767 2554 Ur.
779 2480 817 2554 C.
834 2498 1023 2569 Dccxxvn,
1040 2511 1073 2554 n.
1092 2478 1124 2554 3.

152 2599 212 2671 ΙΙΙ.
247 2599 413 2671 Caeterum
433 2595 559 2670 nullam
577 2597 667 2699 apud
691 2627 744 2671 me
765 2597 863 2673 fidem
892 2600 1013 2688 habet,
1032 2601 1121 2702 quod
1148 2602 1184 2676 in

112 2713 218 2788 Ovidii
233 2713 315 2788 Vita
340 2743 381 2788 ex
403 2731 536 2788 vetusto
564 2713 679 2787 codice
707 2715 887 2817 Pomponii
912 2717 995 2789 Laeti
1021 2715 1184 2812 legimus,

112 2849 256 2904 nostrum
283 2857 405 2930 nempe
425 2829 485 2904 rub
510 2829 617 2904 Plotio
648 2829 770 2930 anpo
789 2830 885 2904 tiren's
903 2824 1076 2918 eruditura,
1106 2862 1184 2922 seu,

26 2965 27 2978 ³
71 2971 73 2976 ·
113 2965 206 3046 prout
220 2945 310 3022 aiios
328 2947 432 3021 codex
448 2946 667 3020 Famesianus
685 2945 766 3035 sert,
786 2975 861 3020 eum
876 2948 991 3021 Roma
1007 2947 1064 3021 sub
1079 2948 1185 3024 Plato

26 3145 27 3150 ἵ
116 3061 228 3164 θήρρο
244 3064 340 3137 lr'tcn's
357 3091 481 3165 operum
505 3060 633 3136 dedisse.
663 3060 794 3136 Plotius
815 3081 903 3137 certe
929 3063 1079 3164 Grippus
1098 3064 1186 3138 inter

26 3167 27 3194 ³
114 3178 337 3270 grammaticos
348 3177 450 3277 hujus
459 3177 518 3251 aevi
527 3177 619 3278 apud
629 3177 848 3263 Suetonium,
862 3180 1029 3265 Senecam,
1045 3177 1196 3252 aliumve·

26 3343 27 3376 r
114 3319 172 3365 oon
190 3293 348 3366 occurrit.
368 3291 492 3366 Plotius
508 3291 644 3392 quidem
668 3291 808 3390 Griphus
821 3293 939 3366 Tacito
964 3291 1066 3365 semel
1087 3310 1187 3392 atque

114 3406 223 3482 iterum
239 3427 460 3496 memoratur,
486 3425 526 3480 nt
541 3407 600 3507 qui
615 3407 658 3480 ob
674 3406 717 3479 V
709 3408 869 3507 caparrum)
887 3408 919 3479 in
934 3409 1116 3480 unctorum
1133 3434 1187 3479 or-

26 3552 27 3570 ³
114 3523 203 3598 durem
214 3525 361 3614 additus,
374 3551 412 3598 oc
422 3523 536 3624 legioni
536 3523 726 3625 prepositus
742 3521 851 3595 fuerat
863 3531 897 3607 ²,
917 3521 1036 3595 deinde
1046 3537 1188 3621 pratum

26 3681 27 3744 4
115 3641 248 3718 donatus
264 3641 289 3732 ³,
304 3672 394 3717 anno
406 3641 557 3716 Ch.Lxx.
568 3639 697 3713 Statius
709 3667 844 3740 quoque
856 3639 994 3713 Plotium
1012 3639 1184 3739 Gn'ppum,

26 3749 27 3762 ³
115 3775 146 3831 rt
160 3759 310 3855 vulgares
329 3755 465 3858 quidem
485 3751 617 3828 codices
638 3753 765 3828 habent
783 3752 817 3843 ⁴,
843 3753 956 3829 laudat
978 3751 1010 3843 ⁵,
1030 3771 1188 3856 tanquam

141 3927 148 3955 ¹
163 3924 202 3979 De
213 3945 265 3996 qua
276 3923 398 3979 inferius.

26 4029 27 4036 ¹
140 4007 151 4038 ²
165 4009 244 4064 Tacit.
257 4009 328 4064 Hiar.
341 4007 384 4060 lib.
399 4006 459 4071 111,
475 4025 530 4076 cap.
544 4007 585 4058 52.

142 4090 152 4123 ³
165 4094 236 4150 idem
248 4097 292 4150 tib.
307 4094 361 4162 lV,
372 4113 429 4163 cap.
441 4095 482 4165 39.

143 4179 154 4215 ⁴
169 4183 286 4250 anvdun
301 4193 394 4236 umen
407 4197 439 4232 ex
452 4177 563 4244 Tacito,
576 4175 720 4246 legendum
732 4173 916 4228 existimabant
924 4173 1070 4230 Scriverius
1082 4194 1112 4229 ac
1123 4175 1184 4229 Ge-

26 4273 27 4298 *
119 4266 216 4329 vario,
229 4269 279 4323 niai
289 4268 349 4337 quia
361 4266 521 4331 arbitretur,
535 4262 659 4316 Taciturn
670 4279 702 4315 ex
713 4259 798 4314 Statio
809 4257 1017 4314 emendandum.

26 4351 27 4372 ¹
148 4347 243 4408 ‘Prae
257 4351 331 4426 Syia.
346 4350 392 4406 tit.
405 4348 466 4416 111,
479 4365 596 4419 carme
