3017 5000
330 494 396 581 aul
657 496 695 561 Ρ.
728 494 910 565 OVIDII
939 495 1076 563 VITA

328 654 425 734 gente
436 694 445 727 ,
457 664 532 741 quae
542 628 683 711 Numine
698 664 808 733 regem
821 637 968 712 habebat
981 653 1161 723 auctorem,
1175 635 1421 723 descendereu

214 781 220 791 ·
326 755 404 829 hinc
422 774 473 829 cst
491 754 582 854 quod
600 753 743 827 Ovidius
757 754 877 855 priore
901 754 977 828 loco
1001 753 1107 841 dicat,
1133 752 1242 827 Cottas
1258 754 1422 854 adjectos

326 900 397 947 esse
411 872 454 947 ad
465 872 565 971 hujus
578 872 687 947 Cottae
699 871 834 947 nomina
842 872 993 973 grosboc,
1010 870 1075 945 hoc
1088 891 1156 957 est,
1172 873 1302 945 huncce
1318 874 1421 945 Mes·

313 987 400 1097 xsalse
415 987 521 1061 filium
535 1004 654 1089 praeter
664 1002 799 1086 patemo
809 989 944 1062 nomina
960 986 1075 1061 tulisse
1090 1015 1223 1087 quoque
1240 988 1417 1061 Collatum

236 1125 241 1133 ·
324 1135 463 1193 nomen,
482 1106 573 1208 quod
589 1134 708 1207 nempe
726 1124 895 1208 receperat
908 1136 927 1180 a
941 1122 1057 1193 matre,
1075 1128 1208 1209 utsaepe
1219 1106 1311 1209 apud
1327 1108 1415 1180 Ro-

324 1249 439 1296 manos
455 1220 569 1297 fiebat.

281 1414 286 1423 ,
371 1337 464 1411 ldem
481 1367 583 1439 porro
601 1335 695 1411 Cotta
709 1338 855 1411 Naisonis
871 1338 996 1413 amicus
1013 1356 1089 1439 post
1106 1338 1274 1412 Messalini
1287 1338 1415 1415 fratris

324 1452 375 1526 sui
388 1471 540 1539 mortem,
552 1451 661 1526 dictus
673 1481 807 1554 qnoque
821 1453 1016 1549 cognomine
1027 1452 1216 1526 Messalinus
1227 1452 1301 1525 suit.
1316 1456 1414 1528 Rem

324 1571 430 1673 operit
441 1569 586 1646 Velleius
600 1582 607 1610 ¹
622 1570 663 1644 de
676 1569 735 1645 illo
751 1571 794 1643 V
787 1573 830 1645 ul.
841 1573 1013 1647 Messalino
1027 1570 1193 1673 loquens:
1211 1606 1228 1636 «
1247 1572 1319 1668 Qui
1333 1574 1410 1661 vir,

327 1726 343 1756 »
362 1690 427 1779 ait,
444 1689 553 1765 animo
572 1688 670 1762 etiam
686 1718 785 1789 quam
803 1707 899 1785 geute
913 1689 1082 1779 nobilior,
1105 1689 1325 1785 dignissimus
1344 1692 1412 1791 qui

326 1842 342 1874 »
360 1826 394 1882 et
421 1825 564 1882 mrunu
593 1805 797 1879 couvruou
819 1806 1014 1896 habuisset,
1037 1826 1070 1881 et
1086 1834 1271 1903 cognomen
1300 1834 1410 1881 suum

324 1962 342 1994 s>
363 1926 480 2023 (NB.)
501 1926 635 1999 COTrtE
658 1944 788 1999 nutum
814 1922 1055 2026 relinqueret².
1078 1957 1095 1989 n
1126 1924 1208 1998 lude
1229 1941 1278 1999 est
1305 1924 1409 2025 quod

319 2042 375 2115 ille
392 2039 528 2114 soleat-a
545 2040 662 2113 Tacito
682 2037 693 2077 ³
715 2036 810 2113 Cotta
826 2038 1016 2113 Messalinus
1033 2037 1109 2111 dici.

368 2154 423 2229 Ad
440 2152 484 2227 V
476 2154 602 2227 alenium
620 2152 845 2239 Messalinum,
868 2152 926 2253 qui
942 2153 1044 2226 srater
1063 2152 1165 2227 Cotta
1184 2169 1265 2226 natu
1287 2155 1405 2227 maxi-

316 2302 391 2348 mus
416 2271 564 2359 videtur,
591 2270 734 2344 Ovidius
758 2269 875 2344 scribit
899 2267 961 2344 lib.
980 2270 997 2341 1
1015 2298 1056 2343 cx
1072 2270 1206 2355 Ponto,
1224 2270 1289 2369 Ep.
1315 2288 1402 2359 vll,

317 2390 377 2465 lib.
397 2392 450 2478 ll,
469 2392 532 2491 Ep.
552 2406 591 2462 11.
609 2382 671 2463 ttta
686 2385 727 2460 (le
743 2404 836 2487 patre
850 2388 916 2487 jam
929 2404 1064 2462 mortuo
1077 2386 1185 2474 canit,
1203 2383 1299 2459 illum
1314 2385 1403 2461 olim

315 2523 448 2607 poetam
465 2521 619 2578 nostrum
637 2502 725 2577 inter
738 2501 862 2576 amicos
876 2501 1055 2589 habuisse,
1073 2504 1194 2592 1,vu,
1213 2529 1297 2576 vers.
1322 2527 1371 2602 27
1390 2531 1400 2574 :

480 2653 536 2707 Nec
546 2659 605 2704 laus
616 2661 656 2704 est
666 2654 767 2720 genitor
774 2669 822 2704 uos
834 2647 966 2704 inficiatus
977 2655 1089 2710 amicos,

513 2742 644 2795 Hortatur
653 2739 733 2794 studii
745 2759 874 2810 causaque
887 2738 986 2809 larque
998 2740 1067 2808 mei,
1079 2750 1127 2794 etc.

314 2866 397 2938 Mor
418 2862 459 2936 sle
478 2862 574 2935 Cotto
587 2859 657 2959 ejus
672 2858 774 2933 fratrc
791 2857 988 2958 subjungit:

479 3008 556 3064 Adde
570 3007 639 3079 quod
653 3008 782 3077 estsraler
791 3019 866 3063 tanto
877 3007 923 3062 tibi
937 3009 1043 3076 junctus
1054 3027 1159 3071 amore,

509 3102 635 3171 Quantus
646 3101 674 3155 in
687 3099 788 3156 Atridis
798 3099 1012 3174 Tyndaridisque
1023 3099 1082 3155 fuit.

477 3194 503 3247 ls
514 3211 557 3248 me
569 3211 619 3246 nec
630 3197 759 3256 comitem,
772 3211 822 3246 nec
833 3191 990 3262 dedignatus
1000 3198 1109 3247 ansam
1121 3201 1176 3256 est,
1192 3202 1242 3246 etc„
1254 3193 1266 3229 ⁴

310 3313 406 3388 Paria
424 3312 541 3388 scribit
556 3312 599 3386 ad
614 3310 767 3386 eumdem
785 3310 847 3384 lib.
876 3311 929 3398 11,
953 3313 1020 3412 Ep.
1045 3329 1092 3397 11,
1117 3338 1199 3384 vers.
1222 3312 1386 3411 99404,

311 3430 371 3504 ubi
389 3447 424 3505 et
439 3428 534 3504 illum
547 3426 660 3502 laudat
673 3427 718 3500 ob
732 3426 894 3522 gratiam,
914 3454 981 3530 qua
997 3426 1126 3501 valebat
1141 3426 1231 3540 apud
1246 3430 1389 3524 Augus-

342 3607 350 3636 ¹
370 3603 426 3656 Lib.
441 3603 483 3670 11,
496 3622 551 3674 cap.
565 3623 619 3656 tta.
642 3631 644 3642 ι

341 3689 353 3718 ²
370 3686 409 3740 Ex
420 3706 472 3756 quo
483 3686 540 3741 loco
553 3697 642 3756 patet,
655 3687 824 3741 Messalinam
834 3687 890 3756 jam
902 3685 1014 3752 obiisse,
1028 3705 1111 3755 quum
1123 3683 1240 3739 Velleius
1253 3682 1311 3738 bec
1323 3687 1391 3739 scri·

308 3770 396 3836 beret,
409 3769 436 3822 it
447 3781 501 3836 est,
514 3781 575 3823 ente
588 3787 635 3823 xvt
646 3769 746 3824 Tiberii
760 3790 870 3824 annum.
883 3770 925 3823 De
938 3770 995 3840 ejus
1013 3780 1100 3822 morte
1120 3767 1172 3821 vid.
1186 3767 1322 3837 Plinium,
1341 3769 1388 3824 lib.

307 3852 432 3914 xxxu,
445 3871 500 3920 cap.
515 3873 552 3905 ιο.
1094 3868 1097 3872 ·

339 3935 350 3969 ³
367 3936 465 3990 Annal.
475 3934 520 3989 lib.
532 3936 577 4002 11,
591 3955 646 4006 cap.
657 3937 707 4000 3a;
723 3937 759 3992 lib
778 3937 829 4004 lv,
842 3955 898 4007 cap.
916 3956 964 4002 ²⁰3
977 3937 1021 3991 lib.
1031 3938 1069 4004 V,
1084 3956 1141 4008 cap.
1154 3935 1315 4004 3;tib.v1,
1328 3957 1384 4008 cap.

308 4029 339 4090 5,
354 4023 389 4091 6,
404 4043 432 4092 73
452 4021 496 4075 lib.
514 4019 584 4086 xlt,
599 4041 655 4091 cap.
674 4043 713 4076 aa.
732 4024 772 4076 lta
784 4034 811 4077 et
831 4023 900 4078 Plio.
919 4021 963 4075 lib.
984 4023 1027 4088 X,
1048 4041 1103 4091 cap.
1123 4043 1153 4074 aa
1172 4039 1179 4074 ι
1196 4041 1210 4066 a
1222 4021 1275 4075 set
1292 4025 1304 4090 (
1312 4021 1385 4092 quod

305 4110 426 4175 constat)
439 4105 596 4160 Messalinus
609 4103 689 4159 Cotta
700 4147 708 4173 ,
721 4105 841 4163 Messala
854 4105 977 4162 Oratoris
987 4103 1073 4172 fitius,
1088 4116 1137 4160 etc.
1149 4127 1162 4151 ι·
1182 4105 1239 4160 Lib.
1251 4107 1381 4172 ΧΧΧΙΙ,

303 4211 359 4262 cap.
369 4192 385 4244 6
395 4231 402 4256 ,
411 4210 476 4244 eum
488 4201 562 4244 vocat
576 4193 742 4247 consularem:

336 4275 347 4310 ⁴
365 4275 433 4345 Lege
445 4287 473 4329 et
484 4295 550 4330 vers.
563 4275 656 4330 ts-to.
