3017 5000
287 447 336 516 φ
386 423 426 488 Ρ.
463 421 641 491 OVIDII
669 417 897 489 NASONIS
926 419 1270 491 FRAGMENTA.

339 566 380 636 ln
403 561 516 637 codice
540 562 785 665 poematiorum
814 580 962 637 veterum
989 559 1090 658 longe
1110 561 1381 664 antiquissimo,

292 715 390 788 quem
413 686 504 788 apud
524 689 565 760 V.
592 688 631 761 C.
656 687 794 761 Petrum
818 685 1018 762 Sorirennm
1033 685 1124 774 vidi,
1154 685 1280 762 ovidio
1307 685 1380 760 boc

289 810 492 911 epigramma
506 808 672 885 ineditum
691 809 968 886 adscribebator:

453 986 516 1040 Jam
531 984 647 1040 nitidum
658 983 763 1053 liquidis
774 983 890 1039 Pboebus
900 985 978 1054 jubar
988 981 1079 1038 intulit
1093 981 1172 1038 undis
1183 1021 1192 1050 ‚

488 1077 637 1131 Emeritam
649 1063 783 1130 renorma
796 1075 916 1149 Tethyos
928 1095 1008 1130 amne
1021 1073 1117 1128 laeam.

458 1167 538 1222 Astra
548 1167 619 1222 subit
630 1167 714 1222 niveis
725 1167 826 1221 Pboebe
838 1168 962 1222 subvecta
973 1165 1107 1237 juvencis,

487 1259 563 1314 Mitis
574 1270 602 1313 et
615 1258 731 1313 aethereo
746 1259 843 1312 labitur
853 1279 899 1313 exe
911 1278 999 1329 sopor.

457 1349 600 1404 Adlutlunt
612 1351 698 1404 teneri
713 1351 833 1404 tremulis
846 1371 908 1406 enm
921 1351 1049 1405 matribus
1061 1349 1140 1421 agni,
1176 1389 1179 1401 .

488 1441 676 1512 Lacteolasque
690 1441 794 1499 animas
806 1442 905 1498 lacteus
917 1443 1017 1498 bumor
1028 1442 1081 1498 alit.

295 1610 335 1682 ln
349 1608 464 1683 eodem
477 1608 590 1683 codiee
601 1630 796 1705 argumenta
808 1609 1245 1707 libromml'irgilianorum
1256 1623 1384 1681 nosue

293 1733 393 1806 etiam
414 1733 716 1822 adscribebantur,
743 1751 783 1808 ut
803 1752 835 1809 et
851 1733 887 1807 in
904 1735 1020 1810 moltis
1037 1734 1111 1810 aliis
1130 1733 1381 1836 exemplaribus

292 1859 452 1946 vetustis,
475 1887 547 1958 qua
565 1857 633 1931 viti
649 1888 657 1930 :
674 1857 732 1931 sed
745 1886 929 1958 perperam.
947 1859 1102 1959 Denique
1121 1860 1157 1932 in
1175 1858 1314 1958 antiquo
1327 1853 1382 1951 li-

293 1979 357 2052 bro
371 1979 508 2076 Georgii
524 1979 684 2070 Fabricii,
703 1981 771 2055 boe
787 1981 990 2083 epigramma
1005 1981 1045 2056 de
1058 1982 1214 2078 Lucretia
1228 1979 1381 2057 Nasonis

292 2130 415 2177 nomen
433 2103 647 2177 ostentabat:

457 2276 554 2345 Quum
566 2275 671 2329 foderet
683 2273 755 2328 ferro
764 2283 867 2330 castum
877 2273 1001 2330 Lucretia
1014 2285 1124 2344 peetus,
1200 2313 1204 2323 ,

489 2367 633 2437 Sanguinis
646 2378 675 2422 et
685 2378 790 2421 torrens
802 2365 988 2436 egrederetur,
1006 2366 1060 2419 ait:

459 2457 612 2515 Procedant
624 2469 703 2515 testes
718 2477 762 2513 me
775 2478 832 2513 non
844 2457 968 2530 placuisse
980 2468 1113 2532 tpranuo,
1131 2451 1134 2454 ⁴
1194 2523 1202 2535 Ι

491 2552 564 2605 Ante
576 2552 663 2604 virum
675 2551 800 2619 sanguis,
814 2550 921 2620 spiritus
933 2561 995 2605 ante
1006 2549 1088 2605 Deos.

193 2714 195 2722 ¹
295 2720 362 2797 sed
376 2721 442 2822 jam
460 2706 565 2795 satis:
580 2749 656 2795 nam
675 2720 749 2796 illas
767 2707 1234 2824 ineptissimommbominum
1252 2720 1294 2797 de
1306 2722 1381 2799 Pu-

294 2844 380 2933 lice‚
399 2842 605 2933 Philomela,
626 2862 658 2919 et
676 2845 731 2918 his
748 2844 873 2920 similes
880 2834 990 2941 nugas
1007 2844 1083 2946 quis
1095 2844 1220 2920 ovidio
1230 2844 1382 2920 adscribi

293 2968 459 3071 patienter
476 2986 534 3043 aut
548 2996 643 3070 aequo
660 2971 771 3042 animo
789 2968 902 3042 ferat?
927 2970 1070 3043 Carmen
1086 2966 1183 3042 etiam
1198 2969 1381 3071 panegyri-

297 3118 372 3169 cum
390 3092 432 3167 ad
448 3092 604 3168 Pisonem
621 3090 742 3167 adalia
756 3092 825 3193 jam
841 3109 948 3169 eastra
959 3092 1035 3192 jore
1050 3093 1180 3196 optimo
1193 3092 1364 3169 transivit.

609 3392 712 3458 rrnr's
733 3410 1060 3458 rrauuenronnrr.
