3017 5000
246 438 289 500 88
440 436 479 501 P.
508 435 688 504 OVIDII
716 434 948 505 NASONIS
976 437 1122 505 VITA.

241 575 370 673 juvenis
386 575 508 665 modo,
530 576 651 667 vitice,
671 576 729 651 sed
746 606 788 651 ue
809 579 904 680 pueri
924 576 1072 681 quidem,
1087 578 1333 656 attribuantur.

243 691 433 791 Desperaus
452 694 585 769 taudem
602 694 644 769 ab
664 694 781 769 urbem
792 695 939 770 reditum
950 696 1162 797 impetmrea
1180 696 1332 787 Caesarc,

245 803 349 879 sicud
366 836 523 897 uxorem,
552 808 592 883 de
608 809 711 883 Trist.
727 807 786 883 lib.
805 812 880 899 Ill,
898 809 994 908 Eleg.
1009 829 1073 901 111,
1094 809 1251 914 scripsit:

414 980 483 1037 Osse
494 993 585 1039 tamen
596 982 677 1037 lecito
687 1003 768 1054 parva
781 984 934 1040 reserantur
945 986 973 1039 in
984 1004 1068 1040 uruat
1092 971 1095 978 ’

447 1074 491 1129 Sic
503 1096 553 1145 ego
564 1094 619 1129 uou
632 1076 711 1130 etiam
724 1089 847 1133 mortuus
857 1076 930 1133 exsul
940 1097 996 1133 ero.

416 1168 479 1222 Non
491 1178 562 1222 vetat
574 1167 623 1223 hoc
635 1169 774 1240 quisquam
785 1188 792 1222 ι
803 1168 913 1223 fratrem
925 1170 1055 1224 Thebana
1064 1181 1234 1241 peremptum

444 1259 590 1329 Subposuit
600 1262 706 1316 tumulo
716 1280 779 1331 rege
790 1272 895 1315 vetante
906 1282 988 1316 soror.

414 1353 502 1422 Atque
516 1372 547 1406 en
558 1371 619 1406 cum
630 1351 712 1421 loliis,
725 1362 753 1406 et
764 1354 863 1407 amomi
875 1354 984 1422 pulvere
996 1354 1095 1423 minc,

448 1444 538 1512 Atque
550 1444 703 1497 suburbano
715 1444 823 1499 condito
833 1444 912 1499 crede
922 1445 980 1499 solo
990 1463 997 1498 :

418 1535 546 1605 Quosque
559 1536 629 1607 legat
640 1556 730 1591 venus
741 1536 818 1591 oculo
828 1548 989 1608 properante
999 1539 1099 1603 viam,

447 1626 602 1681 Grandibm
612 1628 640 1680 in
653 1627 749 1681 tumuli
761 1646 895 1682 marmore
906 1628 979 1683 code
988 1631 1069 1684 uotis.

416 1722 474 1775 Huc
486 1734 540 1775 coo
551 1732 602 1785 oui
613 1732 700 1772 succo
711 1731 893 1773 uunuouuu
905 1734 996 1775 cusos
1005 1734 1151 1785 notun,

452 1812 575 1866 luscum
585 1826 664 1864 emi
676 1810 753 1864 Niso
765 1822 856 1863 com
865 1824 935 1865 uo.

417 1904 455 1957 At
466 1902 514 1957 tibi
526 1904 571 1973 qui
582 1902 692 1967 transis,
703 1919 762 1954 nou
772 1900 805 1954 sit
816 1919 910 1970 grave,
923 1899 1041 1970 quisquis
1050 1900 1144 1955 amasti
1151 1903 1160 1967 ᾖ

450 1995 547 2049 Dicere
558 2014 565 2049 :
577 1992 690 2049 Nasonis
700 1991 816 2045 molliter
826 2010 883 2045 ossa
893 1992 1000 2046 cubent

250 2140 377 2215 Missus
401 2155 512 2212 autem
529 2136 595 2211 fuit
613 2137 650 2209 iu
667 2134 819 2211 exsilium
836 2164 926 2210 auno
949 2134 1081 2236 imperii
1104 2132 1251 2230 Augusti
1273 2162 1329 2207 se-

250 2257 401 2331 cundoet
411 2253 704 2357 quiuquagesimo,
717 2252 769 2327 vel
779 2254 929 2327 circiter:
942 2252 1061 2354 quinto
1074 2271 1186 2326 autem
1197 2251 1327 2327 Tiberii

249 2371 366 2444 Tomis
380 2368 470 2471 opud
489 2369 590 2444 (letas
607 2365 694 2442 diem
711 2368 816 2456 obiit3
839 2396 878 2441 ex
893 2396 962 2469 quo
977 2364 1147 2464 colligitur
1163 2364 1330 2441 exsulasse

249 2519 354 2564 anuos
372 2507 465 2576 octo,
483 2506 517 2563 et
538 2515 667 2562 menses
685 2484 825 2587 aliquot.
841 2484 1019 2590 Sepultum
1034 2486 1134 2564 ctiam
1156 2486 1249 2588 juxta
1268 2515 1329 2588 op-

247 2607 364 2709 pidum
380 2609 507 2682 Tomos
523 2604 626 2682 tradit
640 2604 819 2681 Eusebius.
