3017 5000
348 421 418 490 DE
441 423 481 490 Ρ.
509 421 716 491 OVIDIO
738 423 968 493 NASONE.
1134 428 1203 520 359

127 563 200 658 962.
216 563 309 632 Alios
324 575 490 632 memorat
505 565 700 632 Harduinns
713 569 752 634 in
768 570 882 634 numia
895 568 1036 634 mbium
1051 568 1202 636 illustra·

128 675 177 738 tis.
194 673 312 764 Neque
328 695 408 740 vero
425 697 464 740 ex
480 697 540 755 eo,
560 673 653 765 qoud
668 675 756 742 nulli
772 681 904 742 exstant
917 678 1091 742 Tomiteni
1105 679 1202 744 numi

128 783 346 874 Augustorum
364 783 487 872 honori
507 787 654 875 percussi
675 787 974 867 ente'Treianum,
999 796 1091 852 mote
1106 786 1201 853 colli-

127 915 186 982 gas,
195 893 391 960 Tomitanos
401 915 470 962 non
480 894 627 985 paruisse
636 893 955 984 imperiollomeno,
967 893 1111 984 Augusti
1121 906 1204 961 tem·

127 1022 221 1090 poro,
239 1023 344 1092 quum
354 1001 545 1093 ablegatum
556 1001 663 1070 illoeb
677 1005 829 1093 Augusto
843 1001 1009 1070 Ovidium
1020 1004 1092 1094 ipse
1102 1015 1201 1095 poeta

127 1131 187 1174 non
199 1112 347 1200 patiatur
359 1135 418 1178 nos
434 1110 603 1180 dubitare.
621 1111 786 1180 Exsilium
803 1115 1011 1204 semipsum
1029 1114 1202 1204 indignius

127 1215 185 1283 fert
197 1218 344 1286 Baudius
358 1231 366 1258 ¹
380 1223 415 1286 in
426 1221 591 1312 farragine
603 1224 807 1304 carminum,
823 1247 905 1314 pag.·
912 1223 977 1290 631
992 1274 1002 1304 ,
1016 1249 1118 1316 quam
1130 1226 1202 1314 ipse

127 1324 199 1391 tulit
212 1328 371 1395 Ovidius.
391 1331 440 1396 Eo
452 1332 543 1398 enim
556 1329 667 1416 judice
682 1358 690 1397 ι

284 1492 363 1546 Nulla
374 1505 462 1565 potest
475 1505 577 1550 tantam
594 1491 728 1550 feritatem
740 1496 881 1551 obvolvere
893 1517 987 1563 cansa,

318 1583 413 1639 Nullus
426 1587 533 1656 patricia
548 1586 624 1642 fictur
637 1588 669 1642 ab
680 1591 735 1642 a'rte
749 1587 823 1642 color
837 1610 844 1654 ;

285 1676 340 1730 Seu
353 1676 426 1746 quod
438 1697 528 1732 amare
540 1677 635 1746 doces,
647 1681 786 1736 submotus
797 1681 830 1736 ab
843 1681 908 1736 urbe
921 1681 1031 1752 Quirini
1044 1701 1086 1748 es,

319 1767 380 1822 Sive
395 1767 466 1838 quod
481 1789 606 1825 moenum
619 1770 715 1830 videris
728 1771 864 1826 horribile.

286 1857 355 1911 Nam
368 1858 439 1928 quod
451 1871 477 1914 te
490 1873 643 1915 memorant
654 1861 774 1916 sobolem
787 1873 928 1916 temerasse
939 1863 1060 1936 tyranni,

314 1948 436 2019 &apicio
446 1950 474 2004 in
487 1969 576 2004 mores
589 1971 646 2005 non
658 1952 728 2006 cadit
739 1954 788 2006 ista
799 1963 877 2015 tuom

283 2043 341 2098 Nec
352 2062 414 2098 reor
426 2062 433 2098 s
446 2055 503 2098 esto
519 2055 625 2112 tamen,
640 2043 724 2100 luerit
736 2045 785 2100 tibi
794 2045 866 2100 Jnlia
877 2044 970 2114 cordi,

315 2131 388 2188 Julia
399 2145 455 2188 tam
469 2134 560 2190 multis
572 2135 709 2191 nobilitata
720 2136 823 2204 procis,
835 2145 885 2192 etc·
959 2135 964 2142 ’

284 2225 420 2281 ldciroone
438 2227 539 2284 Tomos
551 2228 695 2282 transmitti
713 2227 830 2282 Romula
848 2227 928 2282 Siren

318 2315 419 2374 Debuit
434 2357 441 2383 s
458 2330 491 2372 et.
499 2319 587 2373 Latios
599 2317 744 2374 deseruisse
757 2317 844 2373 lares?

286 2409 342 2464 Nec
354 2409 432 2463 venia
446 2411 540 2481 dignus
555 2411 607 2464 luit
621 2410 691 2465 inter
701 2412 799 2482 probra
812 2422 867 2477 tot,
889 2430 975 2478 unus,

257 2485 261 2492 ’
315 2504 351 2558 Et
365 2516 453 2572 vates,
464 2516 491 2560 et
503 2524 612 2572 amans,
628 2516 656 2560 ot
668 2524 812 2577 generosus
823 2504 925 2576 eques?
938 2516 987 2560 etc.
1043 2501 1047 2509 ’

128 2644 223 2715 Aliud
237 2651 348 2715 visum
361 2652 490 2717 auctori
507 2649 692 2718 hexastichi
700 2700 711 2732 ,
730 2650 824 2743 quod
842 2648 929 2716 iufra
946 2650 1105 2743 adscripsi
1122 2677 1130 2715 s

282 2818 327 2871 'l'u
340 2818 383 2888 qui
396 2818 528 2889 virgineos
540 2818 673 2873 temerasti
685 2819 804 2872 carmine
819 2820 925 2886 vultus,

316 2909 404 2963 Deme
420 2911 471 2963 tuis
483 2910 589 2975 lauros,
602 2920 672 2963 serta
684 2910 778 2980 pudica
788 2950 796 2976 ,
808 2912 898 2965 comis.

286 3002 338 3056 lsta
350 3000 447 3056 decent
460 3012 543 3056 castos
554 2997 697 3056 Heliconia
710 3001 785 3073 signa
800 3013 891 3073 poetas
906 3024 913 3058 ι
927 3002 930 3011 '

323 3092 451 3149 Sarmatis
462 3092 545 3149 herba
557 3104 637 3163 caput
648 3093 738 3167 cingat
749 3114 840 3149 amara
852 3106 938 3151 tuum.

288 3184 376 3241 Cedat
391 3185 525 3257 Pegasidis
538 3185 619 3240 Ponti
631 3185 779 3241 mittendus
791 3186 825 3241 ad
839 3186 940 3255 undas,
965 3184 969 3191 ’

321 3276 434 3349 ingenio
446 3277 524 3350 periit
534 3280 580 3349 qui
593 3276 678 3335 malus
689 3279 743 3350 ipse
752 3298 810 3335 suo,

131 3424 251 3507 Quaede
263 3426 387 3495 calamo
397 3444 408 3469 ¹
419 3428 488 3509 ejus
501 3438 657 3519 argenteo
669 3424 895 3521 etsepnlchro
910 3428 948 3492 in'
958 3426 1206 3521 Mosciareper·

162 3616 168 3646 ¹
186 3614 290 3672 Bandio
307 3618 460 3689 jungendus
478 3618 570 3675 Gallus
585 3620 698 3691 scriptor
713 3621 756 3675 M.
767 3623 915 3675 Besiaades
928 3620 959 3674 in
977 3620 1045 3676 libro
1063 3620 1169 3676 Parisiis
1182 3631 1210 3677 et

132 3698 234 3755 dmstel.
250 3704 331 3773 1715,
349 3702 446 3769 in-rs,
460 3700 551 3771 edito,
568 3703 683 3759 I’Artde
693 3704 964 3776 nepoints'emyer,
978 3724 1033 3775 cap.
1047 3706 1069 3758 5.

161 3790 222 3845 'De
239 3791 341 3847 calamo
354 3790 446 3847 Ovidii
460 3792 515 3849 linc
527 3792 660 3849 Hercules
674 3792 804 3850 Ciolanns
822 3795 850 3848 in
870 3794 962 3849 Ovidii
975 3794 1028 3851 vita
1049 3816 1056 3849 ι
1076 3817 1090 3843 «
1103 3796 1213 3851 isabella

134 3872 272 3931 Pannonia
283 3876 374 3945 regina
390 3874 496 3931 circiter
505 3895 608 3931 annum
620 3880 684 3945 1540
697 3918 705 3946 ,
719 3877 813 3931 Ovidii
825 3878 959 3933 manum
969 3898 1003 3933 ex
1013 3889 1126 3949 argento
1136 3880 1213 3933 Tan-

133 3959 205 4026 mni,
220 3980 279 4031 que
290 3972 329 4015 est
342 3961 405 4015 urbs
417 3960 554 4017 inferioris
567 3962 732 4030 Pannonia,
745 3963 863 4018 ostendit
872 3964 954 4019 Petro
967 3962 1073 4033 bugeio
1083 3964 1211 4034 Bauer,

133 4042 233 4109 quibos
245 4045 331 4114 ipsum
346 4043 413 4099 mihi
424 4044 558 4111 narravit,
573 4064 634 4099 cnm
651 4044 700 4099 hac
717 4044 889 4117 inscriptione
906 4066 914 4099 ε
934 4047 1022 4101 Oudai
1032 4047 1147 4101 Nasonis
1158 4066 1211 4099 ca-

133 4126 228 4191 lanus,
249 4129 294 4198 qui
313 4148 370 4183 non
389 4129 476 4185 multo
495 4140 557 4185 ante
580 4128 607 4183 id
625 4130 731 4199 tempus
749 4130 799 4185 snb
816 4131 973 4202 quibusdam
991 4129 1107 4200 antiquis
1128 4128 1213 4183 ruinis

134 4208 214 4267 fuerat
226 4226 354 4286 repertus.
369 4216 441 4271 Eum
454 4214 547 4287 regina
560 4213 614 4286 ipsa
630 4215 739 4285 plurimi
757 4216 886 4281 iaciebat,
905 4228 933 4272 et
943 4217 1025 4273 veluti
1041 4235 1099 4271 rem
1109 4234 1212 4271 mam
