3017 5000
310 472 376 539 380
573 468 812 538 NOTITIA
830 466 1126 537 LITERARIA

356 610 527 681 Catulecta
544 610 671 692 ovidii,
692 623 726 679 et
742 609 807 677 alia
820 608 973 703 quaedam
988 609 1125 676 nomine
1140 629 1201 673 suo
1213 626 1397 699 suppresso

307 720 450 805 junctim
466 718 630 811 vulgavit,
650 719 913 812 auctoribusque
928 720 997 786 suis
1010 717 1318 808 manuscriptorum
1329 736 1396 807 ope

306 848 459 917 magnam
470 838 601 918 partem
613 828 764 893 restituit
775 824 981 908 Goldmus,
996 822 1153 893 Francos.
1172 820 1274 904 1610,
1293 824 1395 888 inst

306 936 347 1001 ln
370 957 409 1002 eo
426 933 596 1003 volumine
614 942 798 1003 occurrunt
823 962 832 1003 ε
859 936 1107 1027 Epigrammata
1131 930 1329 999 scholastice
1352 929 1397 999 de

307 1041 446 1127 Virgilii
456 1041 526 1109 ΧΠ
542 1041 640 1109 libris
653 1041 813 1111 AEneidos
830 1069 838 1110 ε
853 1039 1005 1134 Epistola
1018 1038 1187 1109 Ovidiana
1203 1038 1396 1133 Penelopes

308 1151 352 1219 ad
376 1152 531 1236 Ulixem,
558 1154 675 1222 Graeee
701 1152 836 1221 reddita
852 1178 872 1221 a
889 1148 1011 1220 Carolo
1032 1150 1229 1218 Utenhovio
1246 1148 1395 1217 :Ovidii

309 1262 451 1347 junioris
463 1286 597 1330 somnus
613 1260 784 1331 :Cornelii
795 1263 993 1330 Maximiani
1004 1259 1095 1328 Galli
1108 1278 1238 1326 amores
1249 1260 1325 1327 sive
1341 1280 1398 1323 sex

307 1366 490 1459 elegiarum
512 1368 665 1457 libellus,
693 1368 736 1436 de
760 1367 886 1462 quibua
909 1366 979 1434 dixi
1002 1368 1111 1459 capite
1136 1366 1329 1457 superiore.
1356 1366 1398 1433 In

209 1527 211 1533 ι
309 1479 460 1572 exemplo
482 1480 580 1565 hujus
601 1479 776 1562 editionis,
797 1478 891 1574 quod
905 1490 1011 1547 exstat
1033 1475 1222 1568 Hamburgi
1244 1478 1284 1543 in
1302 1474 1395 1545 Bihl.

308 1588 474 1671 Joannea,
498 1591 597 1655 variae
624 1589 786 1657 lectiones
809 1612 827 1655 e
850 1588 1080 1680 manuscripto
1101 1584 1228 1655 Codice
1253 1583 1399 1669 adjectae

309 1709 389 1763 sunt
400 1721 502 1763 manu
512 1696 609 1766 Frid.
625 1696 865 1789 Lindebrogii,
880 1696 1005 1789 quibua
1017 1719 1087 1765 non
1097 1718 1202 1789 psum
1213 1693 1398 1761 emendan-

307 1814 365 1869 tur
381 1815 415 1871 et
429 1802 631 1896 supplentur
647 1830 656 1870 ε
672 1802 768 1871 Ofilii
785 1804 937 1896 Sergiani
955 1802 1072 1895 Elegia
1088 1800 1132 1869 de
1148 1800 1260 1894 pulice
1275 1827 1286 1873 t
1300 1800 1395 1869 Alhii

309 1910 424 1981 Ovidii
437 1914 611 1980 luventini
629 1913 734 2005 elegia
746 1912 789 1980 de
802 1910 989 1979 Philomela
1008 1939 1017 1980 t
1035 1911 1121 1979 Julii
1134 1911 1269 2003 Sperati
1287 1908 1396 1999 elegia

309 2019 460 2102 eiusdem
472 2025 660 2114 argumenti
677 2051 686 2091 ε
700 2022 871 2116 Pamphili
880 2020 1093 2090 Mauriliani¹
1106 2017 1317 2113 Pamphilus,
1324 2018 1395 2086 sive

309 2128 352 2196 de
374 2142 445 2198 arte
471 2114 604 2199 amandi
626 2130 751 2224 Elegiae
773 2152 857 2201 xx111
878 2160 886 2202 :
903 2129 1107 2213 DeVetula,
1124 2129 1295 2209 libriin,
1316 2151 1396 2197 cum

308 2240 402 2334 praef.
417 2244 538 2310 Leonis
552 2246 779 2311 Protonotarii
794 2270 802 2312 :
817 2243 918 2312 Bedae
928 2241 1142 2311 Venerabilis
1154 2240 1267 2333 elegiae
1280 2242 1317 2309 ll
1324 2290 1337 2321 ‚
1351 2236 1395 2305 de

310 2352 439 2422 Cuculo
451 2380 459 2421 ι
471 2355 613 2446 benigni
624 2354 843 2423 Floriacensis
854 2353 959 2445 elegia
970 2352 1013 2419 de
1025 2350 1155 2420 excidio
1164 2354 1278 2436 Tro'jae
1290 2376 1299 2417 ε
1309 2354 1396 2419 Ber-

309 2462 443 2532 nerdini
461 2462 593 2533 Cilaenii
609 2465 831 2547 Veronensis,
849 2465 910 2556 qui
925 2461 1092 2533 Frideriei
1117 2464 1171 2532 lll
1190 2465 1280 2555 Imp.
1305 2473 1396 2530 tem·

309 2573 449 2665 poribus
462 2576 562 2657 vixit,
582 2575 739 2658 Amores,
758 2576 796 2642 b.
814 2599 845 2642 e.
863 2572 1000 2642 libellus
1016 2571 1197 2665 elegiarum
1212 2574 1286 2638 sive
1300 2569 1396 2640 oda-

310 2702 387 2745 rum
398 2701 488 2762 xxti,
507 2680 551 2747 ad
566 2681 708 2765 Jsrliam,
728 2681 839 2750 editus
854 2693 952 2748 antea
962 2680 1025 2747 sub
1040 2679 1122 2746 falso
1136 2680 1275 2747 nomine
1287 2679 1396 2745 Fran·

312 2787 390 2853 cisci
400 2787 532 2854 Octavii
550 2791 712 2856 :Antonii
728 2789 833 2858 Codri
848 2789 951 2856 Urcei
967 2788 1186 2856 Bononiensis
1200 2785 1394 2877 Rhythmus

311 2893 367 2962 die
385 2893 422 2964 S.
439 2897 578 2964 Martini
593 2900 842 2992 pronuntiatus.
863 2901 1020 2989 Denique
1035 2895 1162 2964 claudit
1173 2895 1261 2963 hanc
1272 2892 1394 2962 collec-

311 3005 439 3072 tionem
453 3004 683 3074 Goldastinam
701 3005 807 3099 elegia
823 3009 981 3100 Baptistae
1001 3009 1178 3074 Mantuani
1201 3004 1393 3076 carmelita

312 3128 427 3182 contra
439 3119 557 3183 Poetae
572 3114 743 3209 impudice
755 3115 944 3207 loquentes.
959 3114 1169 3184 Christianus
1182 3115 1343 3183 Daumius
1357 3114 1393 3179 in

313 3219 465 3320 ¹Epistola
476 3226 644 3295 adJoach.
659 3227 831 3295 Fellerum
842 3248 855 3275 ³
874 3255 882 3294 z
900 3226 1089 3294 «Vetulam
1103 3224 1389 3301 Pssadsootlii,

313 3334 529 3426 Pamphilum
539 3351 572 3402 et
583 3333 830 3429 adcopuscnla,
846 3333 1025 3403 Goldastus
1036 3360 1071 3402 se
1083 3337 1232 3429 primum
1243 3356 1282 3400 ex
1292 3355 1393 3400 mem·

313 3445 424 3512 branis
451 3443 551 3511 edere
577 3456 668 3510 ratus
689 3456 762 3511 est:
781 3457 815 3512 at
836 3465 896 3536 ego
922 3443 1026 3512 habui
1051 3442 1217 3511 editiones
1237 3451 1391 3508 recenter

314 3555 449 3619 inventa
464 3553 686 3646 typographia
701 3565 795 3619 natas
803 3600 814 3635 ,
832 3549 1037 3619 membranis
1050 3549 1117 3617 illis
1128 3548 1226 3641 longe
1237 3547 1392 3616 meliores

315 3673 349 3727 et
363 3658 608 3753 locupletiores.
627 3659 709 3728 Ideo
724 3685 830 3751 quum
841 3661 979 3728 Vossius
993 3660 1095 3728 etalii
1110 3657 1249 3740 exinde,
1268 3681 1340 3750 qun
1355 3659 1391 3723 in

351 3883 360 3912 ¹
371 3877 462 3948 llujus
475 3877 630 3932 Meuriliani
642 3880 766 3934 meminit
777 3877 970 3934 Guermundus
982 3876 1177 3932 commentario
1187 3874 1218 3928 in
1227 3884 1311 3930 artem
1318 3871 1394 3928 Psia-

314 3963 392 4021 ciani.
407 3963 473 4033 Ejus
484 3981 548 4017 vero
563 3963 658 4036 elegias
670 3975 699 4019 et
710 3963 791 4019 libror
805 3963 839 4017 de
851 3964 969 4029 Vetula,
990 3981 1056 4032 quos
1074 3959 1144 4032 ipsos
1161 3979 1268 4030 quoque
1279 3977 1295 4012 s
1306 3956 1392 4012 blan-

317 4051 412 4104 riliano
423 4047 532 4119 scriptos
545 4047 670 4104 Barthius
685 4047 858 4118 conjiciebat,
870 4066 934 4103 cum
945 4045 1126 4116 manuscripto
1136 4044 1249 4102 contulit
1259 4043 1287 4098 in
1297 4039 1391 4097 eodm

317 4135 407 4190 codiee
421 4133 622 4204 lindebrogius.

346 4239 358 4268 ²
375 4235 421 4292 Jo.
433 4234 507 4292 Frid.
521 4233 617 4292 Felleri
628 4244 805 4292 monumenta
814 4232 887 4290 varia
898 4232 1015 4302 inedita,
1027 4231 1224 4300 trimestrilll,
1235 4229 1356 4303 ΜΘΗ.
