3017 5000
305 485 377 552 292·
636 456 1047 526 nnn1csr1ones

305 600 413 676 sulum
427 599 481 672 hic
497 599 647 701 loquitur
659 616 793 688 auctor,
811 626 921 699 neque
933 599 1113 672 Corinnam
1121 597 1229 673 solam
1240 601 1391 692 amerit,

305 715 398 818 quod
423 713 552 814 liquido
569 731 660 814 patet
678 741 716 787 ex
731 712 848 809 Elegia
863 732 903 787 tv
921 729 954 785 et
971 731 1034 787 xtx
1049 711 1128 786 libri
1143 713 1178 786 ll
1190 713 1389 804 Amorum,

304 850 404 934 atque
421 860 461 905 ex
476 829 570 918 aliis,
589 830 623 903 in
643 829 768 930 quibus
785 829 907 904 latetur
922 829 1066 925 ingenue
1080 833 1191 918 Naso,
1211 859 1247 905 se
1261 831 1392 906 multa-

301 977 377 1022 rum
394 945 581 1050 puellarum
598 973 710 1020 amore
727 963 860 1046 captum
879 944 992 1022 fuisse.
1018 948 1098 1020 Non
1126 963 1235 1022 tamen
1257 945 1393 1022 inficias

305 1094 362 1153 eo,
387 1065 568 1139 Corinnam
596 1063 626 1136 ei
654 1062 782 1137 ceteris
810 1063 971 1138 cariorem
993 1062 1117 1149 luisse,
1143 1064 1184 1138 de
1203 1063 1395 1165 eademqne

302 1181 510 1282 frequentius
527 1177 685 1280 seriptum
704 1207 778 1254 esse
800 1209 808 1251 ε
832 1198 873 1254 ut
889 1180 919 1253 si
935 1179 1083 1279 amajori
1100 1197 1195 1280 parte
1210 1179 1394 1256 doeendus

217 1311 219 1318 '
301 1300 347 1374 sit
361 1297 498 1384 titulus,
514 1326 631 1399 parum
646 1314 803 1397 peccent,
823 1296 882 1396 qui
898 1298 1053 1372 Corinnae
1065 1298 1200 1372 nomine
1215 1298 1281 1373 hoc
1295 1327 1394 1399 opus

302 1434 433 1490 vorant.
455 1415 598 1488 Gravius
615 1431 724 1488 autem
743 1411 793 1485 illi
810 1441 918 1486 errare
935 1411 1018 1485 mihi
1034 1413 1209 1501 videntur,
1228 1414 1290 1514 qui
1307 1413 1396 1488 liuet

302 1558 402 1606 manu
422 1528 640 1630 scriptorum,
659 1527 914 1627 depravatorum
932 1544 1040 1601 temen
1059 1525 1314 1628 exemplarium,
1327 1555 1395 1603 au·

302 1645 489 1719 ctoritatem
507 1643 633 1731 secuti,
653 1642 716 1716 hos
740 1660 807 1716 tres
830 1641 964 1717 libellos
986 1643 1044 1717 De
1063 1644 1135 1717 sine
1154 1641 1255 1718 titulo
1273 1647 1395 1720 nomi·

305 1779 411 1836 nant:
432 1789 472 1834 ex
496 1757 620 1860 quibus
638 1759 752 1859 (quod
777 1759 918 1833 maxime
942 1759 1071 1852 miror)
1088 1779 1168 1834 sunt
1183 1761 1395 1838 Laurentius

304 1875 487 1960 vallensis,
506 1893 539 1948 et
563 1878 711 1949 loannes
735 1874 939 1980 Turullius,
969 1877 1123 1976 quinon
1148 1876 1307 1951 ineruditi
1327 1878 1395 1952 ha·

300 1994 435 2068 beutur.
456 1993 588 2067 Horum
613 1991 805 2092 opinionem
828 1991 989 2092 pluribus
1010 1993 1215 2088 argumentis
1235 1993 1396 2070 refellere

302 2138 373 2186 non
386 2127 522 2211 oportet
536 2137 544 2182 :
559 2109 640 2182 setis
654 2106 741 2180 enim
753 2107 871 2194 suerit,
889 2125 997 2207 poete
1010 2111 1208 2183 sententiam
1219 2127 1253 2184 et
1263 2108 1394 2186 volun·

303 2245 403 2300 tatem
418 2225 458 2299 de
471 2224 573 2324 hujus
587 2222 698 2325 operis
714 2221 831 2310 titulo,
844 2223 952 2324 ipsius
966 2223 1078 2299 verbis
1089 2225 1275 2302 adduxisse.
1291 2229 1395 2304 Naso

302 2343 416 2440 igitur,
425 2341 484 2415 lib.
500 2343 548 2414 lll
563 2340 602 2414 de
612 2341 711 2427 Arte,
725 2338 887 2439 hujussui
900 2341 1013 2443 operis
1024 2343 1071 2416 ita
1081 2343 1249 2418 muniuit:
1262 2377 1280 2410 e
1291 2346 1397 2420 Deve

306 2493 323 2525 n
344 2459 453 2534 tribus
470 2457 585 2546 libris,
606 2455 724 2531 titulus
736 2484 823 2558 quos
835 2457 945 2554 signat
959 2460 1142 2548 Amorum,
1157 2459 1271 2556 Elige,
1291 2464 1396 2564 quod

306 2610 324 2643 »ν
345 2575 447 2650 docili
465 2573 613 2649 molliter
627 2601 685 2647 ore
702 2572 802 2668 legas.
821 2606 838 2639 o
854 2574 952 2649 Dixit
964 2604 1101 2679 quoque
1114 2575 1172 2651 lib.
1190 2580 1260 2667 tlt,
1277 2578 1336 2653 El.
1360 2600 1396 2668 1,

304 2694 407 2793 hujus
425 2694 559 2795 operis:
577 2726 595 2760 ι(
612 2692 716 2765 teneri
736 2710 959 2792 properentur
972 2722 1117 2782 amores,
1135 2695 1226 2769 llum
1241 2716 1356 2772 vaoet.
1373 2734 1393 2765 s

303 2807 413 2887 Facile
426 2808 530 2905 igitur
538 2836 629 2881 nunc
640 2825 795 2883 constare
808 2808 913 2883 cuivis
924 2808 1070 2909 poterit,
1082 2810 1147 2884 nisi
1157 2812 1261 2913 lpsaea
1272 2816 1396 2915 (qnod

305 2929 421 3024 aiunt)
441 2924 589 3012 cariori,
608 2924 743 2999 titulum
762 2952 834 3000 esse
851 2926 997 3001 Amores.
1018 2928 1180 3004 Ceterum
1197 2960 1267 3005 non
1286 2934 1336 3009 ab
1356 2964 1396 3011 re

302 3042 374 3117 fure
394 3039 565 3128 existimo,
580 3040 608 3113 si
626 3042 821 3143 priusquam
834 3042 877 3115 ad
891 3046 1055 3117 Amorum
1070 3044 1395 3148 interpretationem

306 3158 458 3233 deflectat
477 3158 605 3246 oratio,
623 3157 703 3257 quid
719 3155 836 3254 Elegia
849 3159 912 3246 sit,
928 3186 1000 3260 que
1012 3160 1083 3259 ejus
1098 3162 1212 3259 origo,
1229 3165 1324 3241 unde
1335 3168 1396 3242 di-

306 3297 418 3363 catur,
440 3272 576 3376 quinem
596 3292 666 3347 tum
688 3274 780 3375 apud
810 3274 964 3362 Grecos,
982 3292 1054 3351 tum
1079 3278 1168 3379 apud
1191 3280 1336 3357 Latinos
1355 3284 1395 3360 in

307 3392 409 3488 elegis
427 3390 611 3466 scribendis
626 3390 822 3477 floruerint,
841 3419 941 3492 quam
962 3394 1172 3493 paucissimis
1192 3399 1393 3476 ostendero.

305 3510 457 3607 Elegiam
473 3510 521 3585 sic
538 3508 661 3584 diffinit
677 3508 876 3598 Diomedes,
893 3528 932 3582 ut
949 3510 1058 3599 dieat,
1076 3541 1146 3587 eam
1163 3542 1235 3589 esse
1250 3544 1394 3596 carmen

308 3627 532 3727 compositum
545 3626 736 3700 hexametro
752 3652 867 3711 versu,
887 3642 1173 3728 pentametroque‚
1188 3629 1394 3710 adinvicem

307 3742 440 3843 positis.
471 3740 652 3837 Elegorum
670 3758 781 3815 autern
800 3741 961 3838 originem
984 3737 1143 3817 incertam
1163 3772 1253 3836 esse,
1274 3750 1396 3827 Hm.

309 3857 394 3945 tius,
409 3858 444 3929 in
462 3859 546 3930 Arte
564 3858 718 3945 Portica,
737 3857 791 3931 his
804 3857 1007 3932 eanninibns
1020 3877 1183 3935 testetur:
1199 3896 1217 3930 «ι
1230 3865 1323 3961 Quis
1338 3886 1394 3942 ta·

310 4007 329 4040 »
351 4001 427 4047 men
449 3974 587 4069 exiguos
613 3971 724 4069 elegos
748 3974 894 4048 emiserit
916 3993 1055 4065 auctor,
1075 3978 1291 4053 Grammatici
1315 4008 1394 4058 cera

311 4117 329 4152 s
352 4106 439 4175 tant,
457 4104 491 4163 et
505 4088 614 4164 adbuc
630 4090 693 4163 sub
709 4088 820 4190 judice
837 4088 879 4164 lis
891 4109 952 4166 est.
969 4126 988 4158 »
1003 4094 1082 4167 Non
1093 4093 1216 4169 desunt
1229 4096 1393 4189 interim,

311 4204 369 4303 qui
386 4200 574 4279 Callinoum
592 4204 768 4305 quemdam
780 4205 904 4303 Elegia
917 4208 1123 4287 inventorem
1134 4210 1300 4287 exstitisse
1318 4232 1393 4289 tra·
