3017 5000
420 483 473 550 IN
498 485 677 553 ovtntt
702 487 827 553 IBIN.
1120 489 1162 555 53

99 624 200 696 s‘cior
216 621 394 697 invenitur.
413 655 430 688 n·
449 623 529 696 Ideo
544 623 694 726 Raphael
711 621 962 713 Volaterranos,
980 625 1164 728 Anthropo-

96 741 193 840 tp'oe,
209 738 271 812 tib.
290 740 396 825 XXI,
415 738 553 834 dignum
571 770 665 828 eum,
690 759 730 815 ut
748 742 790 814 de
810 741 917 816 Coelio
936 736 1166 840 Quintilianus

96 854 148 940 ait,
159 852 403 948 ritalongiore,
414 855 551 950 ingenio
562 872 671 930 tamen
683 855 818 930 meliore
830 856 1036 930 existimavit.
1048 859 1166 954 Quum

97 971 177 1044 mim
195 971 405 1066 trigesimum
422 989 576 1071 quartum
593 973 698 1046 aetatis
714 1000 837 1046 annum
853 973 1034 1068 attigisset,
1049 975 1167 1048 Rornae

97 1085 298 1188 pestilentia,
313 1084 363 1160 vel
380 1103 419 1158 ut
430 1087 548 1160 Jovius
559 1105 657 1162 autor
670 1106 739 1176 est,
757 1087 851 1163 febre
865 1085 1054 1190 correptus,
1070 1090 1166 1166 obiit.

96 1205 153 1279 llle
170 1207 243 1306 ipse
260 1221 331 1292 est,
352 1231 450 1304 quem
468 1203 508 1277 de
523 1205 682 1278 sacrificio
698 1205 775 1295 illo,
790 1207 883 1306 quod
901 1208 1084 1303 Gregorius
1099 1211 1169 1283 Na·

98 1322 268 1394 musanus
285 1327 461 1414 ἀναίμωιτον
479 1329 607 1408 θυσίαν,
623 1321 782 1422 synesius
795 1329 907 1404 τελετὴν
923 1330 1089 1423 ἀπόῤῥητον
1105 1353 1168 1398 vo-

99 1461 185 1532 cant,
203 1443 291 1518 male
310 1444 505 1518 sentientem
522 1443 742 1545 politissimus
752 1444 809 1520 ille
821 1446 1007 1522 Politianus
1019 1447 1086 1523 hoe
1096 1446 1168 1550 epi-

100 1577 273 1652 grammate
289 1559 485 1634 facetissime
504 1559 670 1634 traduxit:

292 1715 378 1771 Audit
391 1718 524 1772 Mamilius
535 1719 644 1773 Missam
654 1739 661 1784 3
673 1719 779 1772 missam
790 1718 854 1773 facis
864 1715 935 1773 illam

328 1807 385 1874 Tu,
400 1808 504 1864 Domiti
513 1811 611 1879 :magis
624 1820 664 1864 est
674 1807 819 1879 relligiosus
831 1808 914 1863 uter?

297 1897 368 1967 Quis
380 1897 498 1954 dubitet?
511 1911 586 1956 tanto
596 1919 625 1954 es
635 1911 665 1953 tn
677 1899 833 1969 relligiosior
842 1900 904 1967 illo,

329 1987 441 2058 Quanto
453 1991 543 2044 audire
556 1993 644 2046 minus
658 2003 697 2048 est
710 1993 798 2070 buna,
810 2011 892 2062 quam
902 1991 997 2048 facere.

102 2122 207 2196 Nolim
223 2141 337 2200 autem
354 2127 491 2216 referre,
509 2128 599 2230 quod
613 2127 654 2202 de
668 2155 707 2202 eo
720 2129 910 2203 Ludovicus
927 2130 1046 2216 Vives,
1064 2127 1122 2202 tib.
1133 2129 1169 2203 ll

101 2234 291 2312 chen'tate
306 2240 421 2326 Fa‘dei,
441 2243 477 2314 in
494 2243 580 2316 lianc
596 2270 664 2316 rem
674 2242 845 2343 prodidit,
859 2271 900 2316 ne
912 2243 986 2343 pias
998 2242 1170 2317 christiani

101 2349 228 2428 lectoris
246 2383 343 2431 aures
367 2356 515 2432 laeserim.
535 2359 696 2434 Caeterum
718 2389 786 2433 nou
804 2360 911 2434 multo
927 2379 1007 2462 post
1024 2359 1173 2433 eamdem

100 2471 300 2569 provinciam
317 2475 464 2577 suscepit
480 2473 744 2577 Christophorus
764 2479 921 2553 Zarottus
943 2473 1170 2578 Justiuopoli·

99 2604 208 2678 tanus,
226 2590 284 2663 cui
300 2606 521 2665 transversum
537 2621 681 2687 unguem
706 2622 725 2665 a
748 2595 867 2667 veteris
883 2594 1074 2695 interpretis
1090 2621 1169 2667 sen-

100 2708 195 2780 tentia
211 2706 381 2782 discedere
397 2707 513 2803 religio
533 2726 605 2783 est:
622 2738 688 2810 qua
705 2708 804 2781 etiam
821 2727 1033 2811 tempestate,
1051 2711 1173 2810 nempe'

100 2848 180 2895 anuo
192 2820 374 2897 millesimo
387 2824 652 2923 quingentesimo
667 2823 917 2911 decimosexto,
929 2824 1172 2897 AndreaeNau-

101 2938 176 3029 gerii
187 2938 453 3026 Annotatioues,
462 2936 676 3011 dedicersitao
688 2937 878 3025 Lectionum,
892 2940 926 3012 in
937 2939 1046 3013 omnia
1055 2937 1172 3012 Ovidii

102 3080 197 3152 opera
221 3054 378 3127 Venetiis
398 3053 606 3153 prodierunt.
635 3054 718 3127 Post
733 3052 854 3154 paulo,
871 3054 1022 3129 Jodocus
1046 3053 1173 3128 Badius

101 3169 280 3245 Ascensius
302 3170 338 3242 iu
357 3168 497 3243 Domitii
519 3168 619 3243 verba
645 3168 790 3267 juratus,
813 3169 903 3243 huuc
924 3169 1073 3244 libellum
1089 3170 1173 3243 tiro-

102 3288 198 3361 nibus
214 3288 392 3361 euanavit.
411 3284 490 3360 Fuit
502 3282 557 3359 itte
571 3284 814 3385 typographus,
831 3286 912 3359 etin
928 3285 984 3360 illa
1001 3304 1072 3359 turn
1090 3284 1174 3359 cele·

101 3402 241 3479 burima
251 3404 395 3479 Lutetia
408 3419 458 3485 τῆς
468 3411 636 3496 οἰκουμένης
653 3410 789 3497 ἐπιτομῆς
802 3401 996 3489 Academia,
1009 3427 1174 3497 gramma·

102 3525 176 3599 tices
201 3522 396 3624 professor,
414 3521 472 3595 ubi
499 3519 696 3607 familiares,
715 3539 753 3594 ut
769 3521 840 3620 ipse
857 3518 1024 3619 loquitur,
1042 3517 1177 3619 exposi-

102 3640 205 3713 tiones
226 3639 265 3711 in
280 3655 456 3723 auctores,
487 3664 590 3737 quum
607 3652 754 3722 veteres,
783 3651 854 3708 tum
873 3648 1039 3722 recentes,
1066 3660 1174 3733 prope

99 3749 359 3829 innumerabiles
375 3750 491 3824 edidit.
515 3748 724 3846 Quinetiam
750 3746 902 3847 Baptista
926 3744 1089 3840 Egnatius
1106 3746 1178 3818 Vc*

99 3889 210 3959 nctus,
228 3871 283 3943 vir
297 3886 392 3943 atate
415 3891 475 3941 sua
497 3865 609 3961 magni
632 3863 796 3951 nominis,
816 3862 975 3937 brevibus
992 3862 1064 3936 suis
1079 3878 1178 3937 nom-

100 3986 250 4061 tionibus
275 4012 347 4059 non
363 4010 483 4084 pamm
513 3980 666 4075 caliginis
684 3978 763 4053 iude
788 3977 937 4053 sustulit
969 3978 1054 4053 Post
1082 3976 1178 4052 illum

101 4103 214 4177 Gnido
239 4099 464 4189 Mofiltonus,
485 4124 584 4200 quem
601 4095 770 4171 Adrianus
786 4095 910 4169 Junius
936 4093 1044 4169 virum
1062 4092 1177 4167 multi·

97 4214 172 4315 juga
189 4216 366 4307 doctrina,
382 4231 418 4289 et
431 4212 606 4289 omnifaria
623 4209 785 4299 lectione,
803 4226 903 4309 atque
917 4205 1133 4284 humanitatis
1147 4225 1181 4279 ct
