3017 5000
438 484 535 552 PER
559 486 591 551 J.
619 479 845 551 MASSON.
1115 480 1176 545 185

120 643 207 726 prout
220 624 376 726 deinceps
394 652 434 700 ex
447 625 619 726 prioribus
636 622 839 699 carminibus
854 616 963 722 palam
977 617 1057 709 liet)
1075 618 1179 718 siqui·

119 742 182 815 dcrn
200 742 239 815 de
265 743 421 817 Romano
442 740 586 843 loquens
609 758 729 826 nanta,
749 765 871 838 quem,
899 732 959 809 nbi
975 734 1119 834 primum
1137 732 1181 806 ad

119 860 249 933 Pontum
275 859 456 961 adpulerit,
474 888 509 934 se
524 859 596 933 lore
612 859 894 951 interrogatnmm
916 852 980 938 ait,
999 851 1069 925 bac
1095 852 1178 926 sub-

34 976 35 981 ’
116 974 213 1072 jangit
229 1002 311 1048 vers.
333 973 470 1067 sib-48:

268 1149 309 1215 Is,
322 1166 432 1217 precor,
447 1146 548 1201 auditos
561 1147 641 1217 possit
652 1166 760 1201 narrare
772 1148 920 1216 triumphos

301 1237 427 1307 Caesaris,
439 1250 467 1293 et
479 1239 554 1293 Latio
565 1238 669 1293 reddita
682 1250 743 1293 rota
755 1238 834 1292 Jovi:

264 1330 375 1400 Teque,
389 1334 551 1393 rebellatrix,
565 1330 691 1397 tandem,
706 1334 859 1393 Germania,
880 1328 971 1399 magni

298 1422 384 1476 Triste
398 1433 477 1491 caput
487 1420 596 1492 pedibus
608 1423 772 1493 subposuisse
784 1426 873 1476 daces:

118 1562 226 1662 quibus
246 1564 381 1637 nonnisi
409 1564 592 1639 Germaniae
617 1564 834 1639 rebelbonem
861 1566 928 1638 boc
955 1590 1043 1637 anno
1068 1562 1112 1632 U.
1130 1560 1177 1633 ·C.

118 1694 244 1749 nccbxtl
268 1678 335 1776 jam
357 1678 474 1753 adulto
494 1680 685 1769 excitatam,
703 1709 769 1780 qua
795 1678 905 1753 Varus
920 1699 1004 1754 'cum
1036 1673 1179 1747 exercito

116 1794 202 1894 periit
219 1804 242 1883 ¹,
253 1795 425 1891 designare
437 1798 528 1871 Naso
540 1798 671 1899 potuim
686 1828 789 1898 quum
799 1798 842 1871 ab
851 1826 902 1872 an.
917 1799 961 1870 U.
975 1798 1012 1871 C.
1028 1810 1173 1879 ncctlxs

117 1940 174 2009 qno
187 1940 252 2013 pax
267 1941 343 1987 curn
362 1912 611 1990 Marcomannis
634 1913 740 1999 facta,
760 1914 802 1987 ad
818 1914 910 1987 bunc
925 1940 1033 2013 usque
1053 1937 1179 1984 annum

116 2026 193 2101 nulla
212 2030 455 2103 Germanorum
474 2028 613 2105 rebellio
629 2029 720 2131 apud
739 2029 929 2104 Historicos
954 2043 1178 2109 memoretur3

116 2160 218 2244 atque,
235 2144 353 2219 Tacito
372 2154 385 2182 ²
402 2162 504 2233 teste,
524 2179 541 2211 «
561 2144 687 2221 bellum
707 2174 744 2221 ca
757 2162 951 2247 tempestate
967 2140 1178 2217 nullumnisi

120 2260 299 2357 nadrersus
319 2262 505 2335 Germanos
523 2282 713 2363 supererat,
732 2262 941 2339 absolvendae
962 2261 1068 2356 magis
1091 2258 1147 2333 int
1161 2302 1179 2313 -

118 2376 214 2451 »mia
234 2378 281 2453 ob
300 2378 458 2452 amissum
476 2406 552 2479 cnm
569 2377 737 2477 Quintilio
754 2382 846 2453 Varo
861 2378 1060 2465 exercitum,
1078 2405 1178 2477 qnam

114 2522 129 2554 a
145 2491 298 2594 cupidine
312 2492 503 2594 proferendi
519 2494 670 2596 imperii,
687 2513 749 2569 etc.
764 2529 782 2560 »

151 2611 257 2707 igitur
273 2611 324 2686 vel
335 2612 414 2686 binc
429 2630 573 2699 constat,
590 2612 749 2688 Ovidium
757 2627 832 2712 post
844 2609 1018 2686 Varianam
1034 2607 1175 2694 cladem,

110 2753 169 2798 non
190 2755 269 2800 vero
291 2743 379 2813 ante,
404 2745 444 2802 ut
459 2753 632 2828 perperam
653 2726 693 2801 cl.
712 2728 869 2802 Norisius
890 2726 1073 2801 autumavit
1091 2722 1125 2811 ³,
1142 2724 1178 2796 in

107 2842 253 2917 exsilium
266 2843 398 2919 abiisse.
414 2845 548 2929 Etenim
562 2845 591 2918 si
603 2847 727 2918 Noster
741 2872 829 2918 anno
843 2846 886 2917 U.
908 2846 946 2920 C.
962 2859 1110 2928 neem,
1125 2870 1178 2914 re-

106 2957 229 3054 legatus
245 2961 381 3050 luisset,
399 2980 438 3036 ut
454 2961 665 3036 doctissimus
682 2961 737 3034 ille
754 2960 805 3034 vir
820 2961 993 3048 censebat,
1007 2962 1066 3060 qui
1082 2961 1173 3032 Naso

106 3080 268 3175 potuisset
279 3080 433 3182 proximo
451 3108 525 3154 vere
539 3078 595 3153 illa
609 3077 769 3166 scribere,
786 3076 979 3179 bellumque
995 3074 1080 3150 illud
1094 3076 1178 3148 Ger-

107 3195 287 3284 manicum,
305 3195 493 3296 praedictam
508 3192 630 3270 cladem
645 3193 882 3282 subsecutum,
902 3191 1105 3268 memorare?

151 3314 210 3386 lv.
241 3313 456 3408 Argumentis
473 3341 539 3413 pro
555 3329 670 3386 nostra
694 3312 857 3388 sententia
881 3308 1103 3386 militantibus
1129 3309 1177 3381 sic

107 3427 174 3503 fuse
201 3429 371 3516 deductis,
397 3429 454 3502 bic
471 3428 698 3504 discutiendus
724 3444 875 3528 superest
898 3455 985 3500 nnus
1008 3442 1066 3498 aut
1093 3422 1177 3497 alter

105 3547 191 3646 apud
212 3551 374 3623 Nostrum
401 3546 513 3632 locus,
532 3575 631 3648 quem
653 3543 801 3639 Scaliger
820 3541 905 3616 male
923 3542 988 3616 luit
1011 3542 1176 3642 iuterpre-

106 3675 210 3746 tatus‚
228 3691 266 3736 ac
292 3661 445 3736 Norisius
471 3661 506 3734 in
531 3659 700 3761 opinionis
729 3685 797 3732 suae
819 3675 970 3731 tutamen
995 3655 1185 3730 advocavit·

107 3773 244 3852 Ovidius
269 3777 428 3851 nimirum
455 3805 566 3864 suam,
594 3804 659 3876 qua
687 3774 881 3875 deportatus
898 3790 963 3861 est,
983 3789 1110 3848 etatem
1129 3771 1176 3846 sic

107 3887 279 3982 describit,
299 3911 338 3966 ut
353 3892 570 3996 quinquaginta
586 3907 715 3964 tanturn
730 3917 838 3964 annos
855 3907 926 3964 tum
943 3886 1009 3964 sibi
1023 3905 1177 3988 peractos

135 4085 144 4116 ¹
164 4083 233 4138 vtae
246 4085 310 4139 Jaui
321 4039 415 4155 templi
426 4085 516 4140 Reser.
531 4085 602 4140 Sect.
615 4084 665 4152 w,
676 4105 730 4156 cap.
743 4101 814 4153 rut,
826 4103 883 4155 pag.
896 4085 961 4157 391,
980 4085 1035 4148 ior.

134 4175 148 4204 ²
166 4175 259 4230 Annal.
271 4176 315 4230 lib.
329 4177 359 4242 1,
374 4195 429 4246 cap.
444 4177 467 4232 3.

137 4261 148 4295 ²
164 4265 206 4321 De
219 4267 315 4323 Cenot.
329 4269 381 4323 Pis.
394 4288 451 4340 pag.
465 4287 521 4323 nor.
