3017 5000
450 516 545 583 PER
569 517 602 582 J.
630 512 867 583 MASSON.
1134 514 1192 581 131

129 680 222 727 eonem
236 652 324 726 locos
339 651 486 727 sedilibus
494 654 595 755 plebis
613 656 793 755 anteposru't.
824 654 990 757 Namque,
1019 652 1112 727 addit
1131 656 1199 728 Ta-

30 807 31 815 *
127 768 204 845 ritus
220 776 243 857 ¹,
260 768 308 843 ud
319 797 388 843 earn
405 769 485 846 dr'em
503 770 658 846 indiscreti
669 771 808 859 inibunt,
827 772 900 875 quio
918 770 974 844 ier
988 770 1107 844 Roscia
1118 770 1198 845 m'tt

124 886 178 959 m'si
187 886 226 960 de
237 886 466 987 quatuordecim
480 887 626 985 (theatri
639 888 680 989 ²)
698 888 856 963 ordim'bus
866 886 981 962 sanet.
993 887 1197 985 Quinetiam

125 1024 253 1081 senatus
267 1009 461 1108 promiscue
475 1006 510 1081 in
524 1007 612 1082 circo
626 1008 807 1109 spectavit,
825 1007 931 1082 donec
945 1005 1107 1081 Claudius
1118 1006 1199 1107 imp.

30 1149 32 1175 ³
123 1123 193 1197 circo
204 1124 365 1211 musmo,
383 1125 559 1199 monnoruis
572 1125 741 1199 corcen'brcs
756 1125 931 1227 auratisque
945 1124 1035 1198 metis
1050 1124 1196 1210 exculto,

30 1288 31 1291 =
117 1242 242 1342 pmprio
255 1243 448 1317 armantes
468 1242 623 1317 constituet
642 1243 729 1329 ioco,
745 1243 919 1343 promiscue
930 1258 1065 1343 spectare
1078 1241 1199 1327 solite's,

30 1406 32 1463 ἱ
122 1360 166 1433 nti
182 1358 304 1433 scribit
320 1359 505 1435 Suetonius
518 1356 553 1447 ³,
573 1359 629 1460 qui
651 1376 760 1433 tamen
770 1389 840 1434 non
853 1361 992 1435 omnino
1003 1388 1079 1435 cum
1092 1361 1203 1435 Dione

30 1466 32 1503 ³
121 1477 282 1550 convenit.
300 1478 334 1551 ls
346 1476 433 1549 enim
448 1476 555 1551 adan.
569 1479 664 1551 U.C.
682 1496 845 1551 DGGLVHI
857 1478 927 1551 hac
942 1476 1066 1551 tradit⁴
1080 1507 1088 1551 :
1100 1512 1119 1544 «
1133 1481 1204 1553 Lu·

124 1624 140 1656 υ
159 1591 220 1667 dos
235 1594 401 1667 circenses
415 1592 554 1669 seorsim
570 1611 759 1680 senatores,
775 1612 811 1667 et
823 1595 952 1695 equites
966 1595 1103 1669 seorsim
1120 1624 1138 1669 a
1151 1624 1205 1670 re·

30 1764 31 1805 ss
123 1744 139 1775 n
156 1709 250 1812 liqua
267 1708 367 1811 plebe
386 1728 595 1812 spectarunt,
618 1708 708 1810 qnod
729 1728 764 1783 et
778 1738 870 1784 nnnc
886 1710 944 1800 fit;
973 1718 1033 1785 Καὶ
1049 1722 1102 1794 τὰς
1116 1721 1203 1788 ἱππο-

124 1858 140 1890 a
157 1831 282 1927 δρομίας
301 1834 392 1923 χωρὶς
414 1834 468 1923 μὲν
490 1834 516 1899 oi
537 1832 714 1920 βουλευταὶ,
738 1834 827 1923 χωρὶς
850 1832 882 1900 δὲ
904 1836 931 1901 οἶ
955 1837 1054 1913 ἱππεῖς
1071 1839 1131 1906 ἀπὸ
1153 1842 1205 1905 τοῦ

30 1977 31 1985 ’
124 1952 261 2018 »λοιποῦ
289 1950 416 2027 πλήθους
439 1950 536 2032 εἶδον,
559 1950 642 2017 &asi
663 1958 714 2017 νῦν
736 1949 873 2041 γίνηται.
900 1979 918 2012 a
942 1946 1008 2021 Sed
1025 1976 1094 2048 quo
1106 1965 1206 2049 pacto

30 2108 32 2157 t
122 2061 184 2136 sint
201 2061 463 2151 reconciliandi,
493 2062 571 2137 vide
592 2062 683 2163 apud
698 2063 875 2164 Lipsium,
899 2063 941 2137 ad
958 2064 1064 2138 Tacit.
1082 2064 1206 2139 Anuai.

30 2252 31 2269 ,
122 2182 193 2270 XV,
209 2208 284 2282 cap.
301 2176 359 2252 32.
473 2224 474 2229 κ

166 2309 218 2381 Ex
237 2306 364 2409 quibus
380 2306 426 2379 ita
442 2304 601 2380 discussis
612 2306 679 2406 jam
694 2304 861 2406 liquidum
877 2322 946 2393 est,
965 2305 1081 2393 sedem,
1104 2336 1205 2408 quam

30 2428 31 2433 ’
125 2423 265 2498 Ovidius
283 2441 318 2497 et
335 2421 418 2496 alter
436 2420 493 2496 ille
507 2423 621 2496 senior
637 2450 750 2524 parem
771 2421 981 2497 sibi'meritis
994 2443 1205 2525 paraverant,

123 2537 255 2613 aeludis
266 2537 521 2633 Megalensibus
531 2539 833 2626 habebant,fuisse
845 2539 898 2614 vel
910 2539 945 2612 in
955 2537 1111 2630 orchestra
1120 2541 1206 2616 iuter

125 2673 307 2744 senatores,
327 2655 379 2731 vel
397 2657 433 2730 in
452 2674 516 2730 xtv
528 2654 679 2756 gradibus
701 2655 790 2730 inter
805 2656 945 2757 equites.
972 2657 1048 2731 Hoc
1070 2677 1203 2759 postre-

122 2803 207 2850 mum
226 2775 346 2876 Lipsio
372 2771 384 2814 ⁵
402 2773 528 2877 placet,
547 2774 606 2848 sed
622 2775 717 2875 prius
740 2775 824 2847 mihi
842 2774 948 2872 magis
973 2775 1104 2850 veritati
1122 2805 1202 2850 con·

122 2913 313 2968 sentaneum
340 2893 481 2967 videtur.
510 2893 663 2993 Namque
687 2892 782 2965 Naso
810 2891 875 2966 sub
903 2892 1045 2968 senioris
1061 2921 1205 2994 persona

123 3007 218 3099 dicit,
235 3009 323 3082 hane
341 3007 441 3082 sedem
454 3007 521 3083 sibi
537 3005 729 3094 obvenisse,
747 3033 817 3080 non
834 3035 873 3080 ex
892 3007 1057 3107 equestris
1075 3007 1203 3084 ordinis

121 3125 207 3225 juce,
226 3125 322 3227 quod
339 3123 382 3199 ab
400 3125 504 3198 atavis
521 3123 668 3223 ejusdem
689 3123 817 3196 ordinis
832 3122 872 3196 ad
889 3123 1000 3224 ipsum
1024 3123 1204 3198 descende-

122 3260 188 3330 rat;
206 3242 267 3316 sed
285 3271 323 3315 ex
342 3269 382 3315 eo
399 3240 491 3343 quod
507 3241 595 3313 inter
610 3239 794 3315 decemtrios
808 3240 944 3328 suisset3
960 3237 1044 3316 adeo
1060 3259 1100 3315 ut
1115 3241 1201 3316 hanc

123 3357 217 3432 eum
232 3360 374 3461 ipsemet
391 3386 454 3432 suo
468 3355 609 3458 proprio
625 3356 725 3431 titulo
742 3375 776 3431 et
790 3357 909 3430 merito
923 3357 1199 3459 comparavisset3

124 3468 401 3574 quemadmodum
415 3474 498 3550 alter
512 3473 668 3549 indenata
683 3473 749 3548 sub
762 3473 891 3548 Caesare
904 3473 1040 3550 functus
1052 3474 1200 3550 eamdem

30 3591 31 3608 ¹
122 3617 180 3666 suo
190 3592 332 3693 proprio
346 3593 455 3666 Marte
465 3647 474 3680 ,
486 3617 612 3692 suaque
625 3591 754 3676 militis,
771 3618 841 3663 non
852 3619 932 3665 vero
943 3591 1105 3689 majorum
1113 3593 1198 3692 jure,

150 3791 158 3820 ¹
178 3788 275 3843 Annai.
294 3787 338 3842 lib.
353 3789 419 3855 XV,
433 3809 488 3860 cap.
502 3791 542 3843 32.
556 3788 601 3844 sie
613 3799 640 3843 et
652 3788 763 3864 Sueten.
775 3788 804 3843 in
820 3789 884 3845 Ner.
903 3809 959 3859 cap.
977 3810 1023 3856 ιη
1039 3791 1108 3846 Ptin.
1129 3793 1198 3850 Hist.

118 3869 178 3926 Nat,
187 3871 231 3926 tta.
243 3871 314 3938 Vll,
327 3890 383 3940 cap.
400 3891 422 3943 7.

149 3957 163 3988 ²
179 3955 263 4026 Quod
270 3973 329 4010 uon
341 3955 402 4010 satie
412 3955 576 4011 considerate
586 3957 699 4011 attendit
709 3957 783 4027 Paul.
790 3957 944 4027 Manutius,
954 3959 987 4013 de
1000 3959 1111 4030 Legibus
1118 3961 1198 4015 Rom.

30 4035 31 4094 ἶ
119 4059 174 4108 cap.
185 4041 215 4107 3,
229 4040 276 4094 ubi
288 4040 338 4094 hae
353 4040 386 4094 de
401 4059 430 4095 re
441 4040 635 4107 hallucinatur,
648 4041 720 4112 quod
733 4045 867 4098 monuisse
881 4045 942 4099 satis
950 4055 997 4098 est.

152 4123 164 4155 ³
179 4126 210 4179 ln
225 4125 320 4182 Claud.
331 4147 388 4197 cap.
404 4148 444 4181 αι.
992 4135 997 4145 “

153 4213 165 4250 ⁸
181 4212 248 4282 Dio,
261 4213 306 4268 lib.
322 4213 385 4280 LV,
399 4233 456 4284 pag·
470 4213 526 4270 563.

30 4319 31 4348 f
154 4293 166 4327 ⁸
181 4293 236 4348 Lib.
248 4295 281 4350 de
294 4295 435 4365 Amphieh.
447 4315 503 4365 cap.
519 4299 565 4364 ιζ,
582 4315 640 4366 pag.
652 4297 692 4366 37.
