3017 5000
280 393 342 436 roo
600 368 642 434 P.
676 370 858 437 OVlDll
887 370 1023 439 VITA

276 513 335 586 tim
356 511 463 585 dicere
488 512 589 585 nohis
612 512 682 585 sine
702 529 785 586 teste
804 540 874 585 non
896 509 984 585 licet.
1013 513 1065 585 Ex
1083 513 1158 613 ipso
1178 529 1308 586 tantum
1326 515 1372 585 in

277 653 397 721 genere
414 624 591 714 novimus,
612 654 685 699 eum
704 624 900 700 cumfratre
923 623 1026 726 patris
1047 653 1126 699 cura
1147 634 1155 663 ¹
1177 626 1293 699 Roma
1311 644 1372 700 te-

274 741 364 815 neris
377 741 419 815 ab
433 742 529 817 annis
540 742 690 817 excultos
703 742 1051 843 etinstitutosfuiss03
1068 735 1374 843 atque'insignium

275 859 660 955 magistrornmscholas
675 862 913 961 frequentasse.
939 859 1073 934 Etenim
1086 860 1189 934 Trist.
1213 857 1273 933 lib.
1297 862 1370 945 lv,

273 976 368 1071 Eleg.
389 997 430 1065 Χ,
450 1005 534 1052 vers.
559 976 601 1048 15
619 995 653 1051 et
668 976 736 1064 16,
757 977 870 1050 canit:

440 1124 566 1178 Protinus
577 1124 722 1178 excolimur
730 1130 823 1186 teneri,
837 1120 1075 1193 curaqueparenlis

474 1210 546 1263 lmus
560 1209 593 1263 ad
602 1210 719 1279 insignes
731 1212 800 1263 urbis
812 1210 844 1262 ab
857 1220 913 1262 arte
926 1208 1004 1261 virus.

274 1326 379 1424 Quod
402 1326 579 1425 subjungit
596 1355 658 1399 nos
676 1326 792 1413 docet,
812 1355 886 1426 quae
901 1324 1079 1426 utriusque
1092 1325 1193 1399 fuerit
1203 1324 1343 1400 indoles
1354 1385 1371 1433 ‚-

266 1458 309 1513 'et
325 1470 393 1541 quo
408 1441 475 1540 jam
492 1468 510 1512 u
529 1440 671 1541 pueritia
689 1440 915 1541 propenderet
931 1439 1125 1536 ingenium:

429 1586 535 1639 ‘Frater
548 1590 586 1639 ad
594 1590 718 1655 eloqrn'um
732 1586 810 1640 viridi
822 1590 943 1641 tendebat
953 1588 985 1641 ab
997 1604 1068 1657 ατο,

472 1673 564 1725 Fortia
576 1674 678 1726 verbosi
690 1684 768 1726 ratus
780 1674 812 1727 ad
824 1692 898 1726 arma
903 1675 968 1742 scari.

440 1754 478 1807 Ar
490 1757 555 1807 mihi
566 1754 621 1822 jam
629 1775 709 1821 puero
719 1752 832 1809 celestia
844 1775 917 1809 sacra
928 1755 1083 1826 placebant3

472 1837 558 1906 lnque
571 1856 648 1891 suum
661 1837 757 1891 furtim
771 1840 851 1892 Musa
860 1838 980 1893 trahebat
991 1858 1071 1908 opus,
1084 1848 1133 1892 etc.

272 1956 522 2053 lncompertum
538 1981 615 2027 vero
638 1972 707 2041 est,
728 1983 814 2055 quos
830 1955 1113 2057 frequentaverint
1127 1957 1359 2054 grmnmnticos,

274 2072 331 2173 qui
344 2070 497 2145 solebant
509 2070 564 2145 his
577 2072 788 2172 temporibus
801 2072 901 2172 primi
916 2100 1099 2173 puerorum
1109 2100 1180 2145 esse
1194 2073 1361 2169 magistri.

273 2190 440 2292 Equidem
467 2188 564 2263 Caius
585 2188 696 2269 Julius
720 2188 885 2295 Hygiam,
909 2191 1056 2285 Augusti
1081 2187 1240 2275 libertus,
1258 2187 1363 2265 illus-

273 2304 383 2381 tribus
398 2303 620 2401 grammaticis
633 2335 651 2379 a
666 2304 829 2379 Suetonio
843 2322 1078 2379 annumeratus
1089 2361 1099 2392 ,
1110 2304 1217 2378 eidem
1233 2306 1367 2382 dicitur

274 2421 646 2520 fuissesnmilr'an'ssrinus
663 2419 778 2495 Ouidio
786 2436 890 2522 poetae
907 2430 919 2459 ²
939 2450 947 2493 τ
965 2440 1018 2511 at,
1030 2450 1070 2494 eo
1083 2438 1182 2509 teste,
1200 2423 1364 2525 Hyginus

273 2535 409 2610 nonnisi
426 2564 511 2636 puer
521 2532 642 2608 aJulio
655 2537 783 2608 Caesare
794 2536 938 2609 Romam
948 2535 1104 2610 advectus
1112 2535 1193 2624 fnit,
1208 2538 1367 2612 Alexan-

275 2651 345 2725 dn'u
358 2668 467 2752 coptu,
492 2653 561 2726 hoc
579 2670 650 2738 est,
669 2679 757 2725 anno
776 2655 819 2724 U.
839 2654 877 2727 C.
899 2671 1021 2728 Decvtl
1048 2685 1055 2726 :
1074 2672 1113 2727 ut
1128 2654 1208 2728 hinc
1222 2684 1291 2728 non
1308 2658 1365 2730 vi-

274 2767 392 2841 deatur
423 2766 480 2841 ille
506 2770 574 2869 jam
603 2766 670 2841 boc
702 2786 852 2871 tempore
878 2769 1096 2863 grammatice
1115 2768 1365 2870 professionem

275 2885 472 2986 suscepisse.

322 3005 366 3077 ll.
387 3002 458 3077 Sub
475 3000 543 3075 illis
558 3020 667 3076 autern
682 3031 863 3102 puerorum
880 3004 1068 3098 magistris,
1087 3003 1362 3098 grarnmaticesve

275 3117 525 3221 professoribus
543 3117 691 3213 linguam
718 3144 856 3217 quoque
879 3145 1016 3211 grecam
1041 3147 1104 3220 pro
1123 3147 1214 3193 more
1237 3137 1362 3194 noster

274 3237 395 3340 procul
417 3234 520 3310 dubio
545 3234 679 3320 didicit,
699 3261 802 3334 quum
821 3261 925 3328 graece
941 3234 1078 3310 doctum
1095 3235 1198 3311 fuisse
1212 3237 1361 3339 ipsemet

273 3357 415 3440 indicet,
431 3355 533 3428 Trist.
553 3352 612 3426 lib.
632 3353 702 3439 ΙΙΙ,
721 3349 816 3446 Eleg.
838 3342 913 3441 xlt',
933 3381 1016 3427 vers.
1035 3352 1104 3455 37:

442 3501 528 3556 Rarus
539 3501 571 3554 ab
584 3499 658 3555 ltalia
673 3509 778 3552 tanturn
790 3518 864 3562 mare
877 3500 966 3553 navita
978 3501 1087 3556 transit:

473 3587 563 3641 Litora
578 3605 653 3639 rarus
664 3585 692 3638 in
703 3584 761 3638 baec
774 3585 904 3655 portubus
916 3586 981 3638 orba
991 3587 1073 3641 venit.

439 3668 501 3722 Sive
514 3681 603 3724 tamen
618 3671 703 3721 Graia
712 3666 816 3734 scierit,
829 3668 883 3722 sive
895 3669 939 3722 ille
949 3671 1046 3723 laerta

477 3756 544 3806 Voce
555 3756 639 3821 loqui,
652 3763 723 3806 certe
736 3753 836 3822 gratior
848 3752 928 3820 buius
942 3754 1008 3819 erit,
1021 3765 1070 3808 etc.

311 3901 318 3930 ¹
338 3895 380 3948 De
393 3895 529 3963 utriusque
541 3893 656 3962 parentis
668 3893 708 3945 sui
719 3912 800 3961 cura,
815 3893 897 3948 Trist.
908 3895 952 3948 lib.
965 3895 1009 3962 11,
1020 3915 1087 3950 vers
1103 3897 1152 3964 343
1164 3906 1261 3966 etseq:
1273 3895 1360 3952 «Hei

276 3979 358 4045 mihi,
373 3976 444 4048 quod
456 3976 550 4030 didici!
569 3975 641 4044 quod
652 3994 696 4029 me
710 3979 816 4030 docuere
826 3989 956 4046 parentes,
983 3981 1123 4049 Litoraque
1141 3992 1181 4035 est
1195 3980 1283 4034 oculos
1301 3982 1361 4036 ulla

276 4073 379 4115 morata
391 4059 479 4114 meos!
495 4082 508 4106 s

307 4149 319 4178 ²
337 4145 446 4200 Sueton.
460 4143 492 4197 de
505 4141 597 4197 illustr.
611 4141 758 4198 Grammat.
768 4163 872 4213 caper.
