3017 5000
325 421 390 486 288
649 419 1068 490 DEDICATIONES

329 556 439 653 magni
452 558 519 632 oris
528 586 564 630 ac
578 557 731 658 spiritus,
746 577 785 633 nt
797 559 960 657 ejusmodi
972 588 1102 634 carmen
1113 558 1270 634 funderet
1278 566 1292 646 ,’
1301 560 1394 634 humo

330 673 500 774 pertenuis
515 673 657 770 ingenii,
681 702 740 748 nec
758 675 895 771 ingenui
912 677 1066 779 pudoris,
1084 695 1122 752 nt
1136 696 1249 776 aperte
1266 694 1397 750 testatur

330 791 491 864 Horatius
500 791 537 864 in
550 790 691 891 quadarn
701 791 743 864 ad
756 791 885 866 lulium
896 791 1035 868 Florum
1047 794 1155 895 Epist.
1171 797 1199 882 l,
1213 813 1267 880 ttt,
1278 822 1323 868 vs.
1339 793 1395 867 15:

492 947 567 1018 Quid
579 948 645 1002 mihi
660 947 753 1003 Celsus
767 948 843 1019 agit?
858 951 977 1003 munitus
989 989 997 1015 ,
1010 951 1178 1020 multumque
1190 949 1340 1004 mouendus

490 1035 607 1089 Privatae
620 1046 649 1088 ut
662 1045 763 1104 quaerat
773 1054 836 1105 opes
848 1047 876 1090 et
888 1046 997 1105 tangere
1007 1036 1073 1090 vitet

488 1114 607 1186 Scripta,
622 1115 760 1170 Palatinus
772 1135 947 1186 quocumque
960 1118 1060 1188 recepit
1072 1115 1167 1186 Apollo
1179 1136 1187 1169 :

489 1201 530 1253 Ne
543 1199 565 1254 si
575 1199 642 1254 sorte
655 1219 714 1253 suas
729 1201 873 1268 repetitum
886 1199 990 1254 venerit
1001 1200 1067 1254 olim

491 1282 563 1338 Grex
575 1285 662 1348 avium
677 1284 793 1354 plumas,
806 1295 912 1339 moveat
923 1284 1058 1339 cornicula
1070 1286 1153 1338 mum

491 1365 607 1420 Furtivis
619 1365 719 1420 nudata
732 1367 870 1421 coloribus.

327 1491 523 1587 Postremo,
543 1527 586 1572 ne
604 1502 761 1600 cuiquam
776 1499 1138 1602 amplinsillutlatlraec
1151 1503 1311 1604 AEsupica
1331 1531 1400 1577 cor

328 1616 455 1706 nicalai,
471 1645 569 1705 neve,
583 1636 623 1692 ut
636 1618 806 1692 Cumanus
815 1617 939 1694 asellus
948 1617 1057 1693 leonis
1066 1635 1158 1714 gerat
1166 1619 1317 1708 exuvias,
1328 1618 1403 1721 plus

329 1731 572 1833 quinquaginta
595 1732 745 1808 locorum
761 1735 1010 1836 comparatione
1025 1735 1071 1809 ita
1088 1734 1355 1837 comprobaboe
1470 1781 1471 1789 ι

330 1845 1357 1950 Ovidii,ut,quodait'malnsarbitercomicorumsiqniseon
1463 1837 1467 1846 ⁵

329 1962 460 2050 sentiat,
471 1963 557 2056 nihil
571 1964 702 2038 sentiat.
718 1966 833 2038 Unum
845 1964 912 2038 hoc
923 1965 1085 2040 duntaxat
1101 1985 1263 2068 superest,
1273 1985 1320 2063 ut¹

331 2079 420 2156 diani
432 2082 586 2160 carminis
596 2099 827 2176 argumentum
838 2081 953 2182 paucis
962 2079 1111 2183 eloquar.
1122 2085 1280 2179 Augusto
1394 2084 1402 2098 '

331 2194 412 2270 duas
420 2194 524 2270 fuisse
535 2195 862 2296 uxoresaccepimus,
874 2195 1123 2270 Scriboniamet
1131 2197 1270 2285 Liviam3

330 2313 419 2387 enirn
434 2311 600 2402 Servilia,
612 2315 749 2388 Isaurici
766 2313 854 2401 filiae,
865 2313 1057 2388 conditione
1067 2333 1118 2388 utr
1108 2314 1254 2402 noluit,
1339 2314 1405 2388 lau·

331 2426 420 2501 tiam
434 2425 605 2501 Fulvia
575 2425 737 2522 virginem
753 2427 978 2528 intactamque
993 2427 1129 2503 (limisit.
1142 2428 1263 2504 Scribe
1298 2457 1325 2505 ar
1340 2457 1406 2505 mo-

331 2660 416 2734 serre
430 2688 500 2734 non
517 2657 640 2746 valuit,
661 2685 799 2760 eamque
818 2660 884 2733 sibi
905 2684 958 2733 res
979 2688 1057 2735 suas
1073 2662 1222 2736 habere
1213 2690 1266 2761 qus
1349 2664 1406 2737 Li-

335 2778 438 2867 viam,
462 2796 686 2873 cognomento
703 2776 906 2865 Drusillam,
921 2795 1039 2878 captus
1054 2778 1178 2873 insigni
1193 2780 1282 2853 surm
1342 2810 1405 2855 ma·

335 2896 489 2972 trimonio
504 2893 635 2969 Claudii
648 2896 778 2968 Tiberii
794 2895 954 2982 Neronis,
969 2894 1024 2968 cni
1039 2893 1107 2993 jam
1119 2894 1224 2969 lilium
1236 2898 1304 2971 'lib
1342 2899 1351 2915 '

333 3029 508 3108 genuerat,
523 3026 555 3082 et
568 3009 721 3085 exaltem
736 3010 920 3105 gravidam,
936 3011 1070 3085 domum
1081 3011 1237 3099 abduxit3
1248 3012 1314 3086 ubi
1326 3012 1406 3086 intra

333 3153 478 3201 mensem
497 3126 631 3199 tertium
647 3126 737 3199 hune
756 3128 907 3201 Drusum
922 3128 1074 3227 peperit,
1092 3130 1186 3226 cujus
1199 3142 1342 3204 mortem
1355 3129 1406 3204 de-

334 3244 391 3319 llet
409 3243 571 3330 Ovidium
590 3242 671 3316 olim
688 3244 883 3331 Decimum,
902 3273 981 3318 mox
995 3239 1163 3318 Neronem
1177 3248 1404 3345 praenomine,

337 3387 434 3462 quem
447 3374 538 3433 tanta
549 3357 696 3459 suspicio
705 3357 771 3431 fuit
780 3386 818 3433 ex
827 3359 946 3462 vitrice
956 3388 1017 3459 per
1028 3360 1185 3436 adulterii
1195 3366 1406 3439 consuetudi-

333 3505 408 3550 nem
416 3491 639 3577 procreatum,
649 3491 687 3548 ut
701 3502 829 3570 graecus
838 3473 1021 3549 senariolus
1032 3475 1133 3573 vulgo
1142 3479 1325 3577 jactaretur
1334 3513 1342 3554 :
1352 3482 1408 3562 veie

331 3590 482 3678 εὗτυχοῖἷσι
494 3589 548 3664 cal
560 3594 682 3689 rplptna
701 3593 827 3665 naueh.
842 3593 893 3665 Ex
903 3591 995 3667 th'la
1004 3592 1090 3665 nihil
1101 3596 1276 3690 Augustus
1288 3594 1407 3671 llbero-

332 3736 408 3783 rum
434 3706 512 3781 tulit
532 3740 540 3781 :
558 3706 778 3783 nihilominus
796 3710 831 3781 in
848 3707 993 3783 liberum
1008 3707 1084 3783 loco
1101 3739 1138 3785 ac
1154 3740 1295 3785 numero
1308 3714 1407 3814 privi-

335 3852 420 3919 gnos
430 3823 547 3898 habuit
555 3820 728 3915 Tiberium
739 3841 840 3926 atque
850 3826 999 3899 Drusum
1010 3854 1020 3913 ς
1032 3854 1153 3927 eosque
1164 3827 1207 3900 ad
1220 3827 1406 3930 reipublice

334 3967 447 4013 curam
459 3939 622 4027 admovit,
642 3958 675 4013 et
692 3942 792 4039 jussit
803 3941 933 4043 imperii
946 3960 1072 4042 partem
1086 3971 1264 4044 capessere.
1289 3947 1342 4019 De
1353 3944 1407 4017 Tr-

334 4058 430 4133 herio
442 4055 525 4131 nihil
533 4057 587 4131 hic
598 4085 731 4133 necesse
742 4075 792 4131 est
805 4057 903 4160 plura
915 4059 1023 4135 dicere
1039 4090 1047 4133 ε
1061 4060 1163 4135 frater
1172 4060 1252 4160 ejus·
1259 4062 1405 4149 Dmsus,

336 4174 370 4246 in
383 4168 527 4269 Augusti
537 4173 704 4269 gratiama
715 4193 830 4250 senatu
841 4174 974 4272 tegibus
983 4174 1132 4268 solutus,
1142 4176 1406 4274 antelegitinram
