3017 5000
291 381 358 450 360
542 379 784 448 norma
806 377 1113 446 clusarum
1190 355 1195 366 '

288 541 325 593 to
337 525 493 592 feruntur
499 573 510 605 ,
530 547 568 589 ea
580 522 701 590 fabulis
710 547 776 616 per
783 546 839 589 me
851 521 959 589 lector
971 520 1157 604 adscribet,
1174 519 1320 614 perinde
1337 535 1384 588 ut

291 633 383 728 quod
399 658 510 726 nuper
524 634 656 725 scripsit
680 635 863 713 Mironius,
884 631 1097 723 'relegatum
1114 634 1150 697 in
1167 631 1380 700 Calabriam.

289 746 371 816 Vid.
398 746 539 813 Bellorii
560 746 833 837 Descriptionem
853 743 1024 834 sepulchri
1038 743 1205 809 Nasonum
1219 747 1264 810 T.
1278 747 1380 824 XII,

289 855 395 920 Thes.
418 853 502 920 Ant.
526 853 639 920 Graev.
659 875 734 943 pag.
768 851 866 917 1038.
888 851 943 917 Jo.
971 852 1139 916 Antonius
1162 846 1362 943 Campanus
1369 901 1380 932 ,

289 964 480 1054 Aprutinus
498 964 688 1054 episcopus,
706 959 795 1027 libro
807 961 951 1052 septimo
963 960 1181 1040 Carminurn,
1196 983 1273 1052 pag.
1290 958 1380 1054 176,

292 1072 376 1140 edit.
390 1071 482 1164 Lips.
499 1071 714 1155 Sulmonem,
727 1070 849 1139 Ovidii
858 1072 1020 1164 patriam,
1039 1072 1084 1136 ita
1095 1069 1139 1136 de
1150 1072 1215 1138 hoc
1228 1073 1302 1138 cive
1315 1091 1383 1136 suo

289 1183 491 1274 gloriantem
506 1179 639 1246 inducit
654 1206 662 1246 ε

458 1331 517 1385 Sim
528 1331 589 1383 licet
602 1349 735 1400 annorum
749 1341 789 1383 tot
802 1329 917 1384 millibus
927 1330 1026 1402 inclyta
1037 1329 1132 1385 Sulmo
1144 1369 1153 1397 ,

488 1417 524 1470 Et
536 1413 709 1484 Pelignorum
721 1413 804 1485 gloria
816 1416 902 1486 prima
914 1415 1002 1484 ferar,

455 1501 500 1556 Nil
512 1501 591 1556 habui
604 1499 704 1555 Ovidio
716 1502 801 1572 majus
813 1503 920 1556 Nasone
930 1512 1023 1572 poem

489 1585 567 1638 Solus
579 1584 601 1639 is
613 1585 757 1639 immensas
768 1584 809 1638 vel
821 1585 887 1639 milri
900 1596 1006 1656 praestat
1017 1605 1087 1656 oper.

457 1669 561 1723 AEtates
576 1669 692 1737 abeunt,
704 1668 832 1723 labuntur
844 1689 942 1739 regna,
954 1669 1082 1724 sedunus

492 1758 581 1812 Durat
594 1757 660 1812 etin
672 1757 756 1826 pretio
768 1768 808 1810 est
820 1757 978 1826 posteritatis
988 1757 1082 1811 honos.

337 1886 499 1958 Hercules
513 1884 672 1956 Ciofanus
681 1937 691 1968 ,
715 1885 962 1968 sulmonensis,
979 1889 1073 1969 cujus
1090 1898 1219 1952 exstant
1232 1885 1380 1954 erudite

291 2001 327 2064 in
337 1994 502 2066 Ovidium
515 1991 677 2086 gentilem
692 2017 794 2058 suum
807 2005 910 2075 notae,
926 1992 1192 2086 descriptionem
1204 1993 1380 2063 Sulmonis

291 2109 380 2175 Vitae
396 2103 515 2173 Ovidii
531 2105 711 2195 praemisit,
732 2103 866 2194 Aquilae
893 2105 998 2195 1578,
1018 2104 1119 2170 in-80.
1137 2101 1264 2172 Confer
1279 2107 1378 2176 Petr.

290 2215 479 2281 Antonium
504 2212 748 2300 Corsignannm
773 2208 816 2274 de
839 2211 920 2274 viris
949 2207 1135 2275 illustribus
1158 2211 1374 2292 Marsorum,

291 2345 365 2412 cap.
385 2343 422 2403 23
443 2317 560 2386 Ovidii
574 2317 697 2409 effigies
712 2316 803 2408 (nisi
815 2314 920 2382 Vedii
935 2315 1092 2382 Pollionis
1107 2319 1240 2408 potius,
1257 2329 1298 2382 nt
1313 2331 1380 2380 ΝΔ-

292 2441 361 2490 ΣΩΝ
374 2424 518 2519 legerint
529 2429 594 2493 viri
608 2425 736 2492 eruditi
750 2448 815 2518 pro
827 2427 1006 2517 postremis
1021 2425 1129 2492 literis
1142 2427 1289 2492 nominis
1302 2439 1380 2490 nl-

292 2542 449 2627 ΣΑΡΕΩΝ)
464 2542 500 2604 in
515 2561 618 2604 numo
634 2534 726 2628 apud
738 2534 905 2601 illustrem
915 2534 1159 2628 spanhemium
1171 2537 1260 2603 Diss.
1281 2560 1293 2601 ι
1307 2586 1319 2619 ,
1336 2534 1378 2603 de

292 2672 356 2713 usu
365 2650 621 2729 numismatum,
636 2668 713 2738 pag.
731 2645 906 2731 545Tom.
924 2646 942 2712 I
952 2696 963 2727 ,
980 2645 1063 2713 edit.
1072 2644 1376 2715 Londinens.Vid.
1412 2675 1417 2683 ·

294 2770 328 2824 et
342 2781 418 2850 pag.
441 2782 519 2849 7¹9·
555 2784 561 2795 ¹

293 2942 386 2977 carum
398 2922 519 2977 habebat.
541 2922 584 2976 De
603 2922 699 2977 eodem
715 2922 816 2977 calamo
838 2921 939 2978 Coeliua
957 2922 1151 2993 calcagninus,
1170 2923 1216 2993 qui
1237 2933 1266 2978 et
1279 2925 1337 2993 ipse
1350 2924 1377 2978 in

293 3006 426 3062 Sarmatia
436 3007 505 3075 luit,
519 3007 546 3061 in
559 3009 643 3081 elegia
652 3028 704 3077 qna
715 3006 876 3080 Scytharum
888 3027 979 3063 mores
991 3007 1116 3063 describit
1125 3048 1133 3075 ‚
1142 3018 1192 3063 etc.
1204 3029 1219 3056 a
1228 3007 1378 3062 Tumulum

294 3104 390 3165 poetae,
400 3105 458 3165 post
467 3093 591 3149 inventos
600 3094 698 3148 scilicet
713 3092 851 3147 Ciceronis
865 3094 899 3147 de
911 3093 1026 3164 Repulsi.
1038 3091 1128 3158 libros,
1138 3094 1166 3147 in
1178 3093 1268 3149 media
1277 3096 1378 3151 Maecia

295 3193 434 3253 repertum
449 3190 540 3235 narrat
557 3181 636 3234 lsaac.
649 3178 782 3233 Bullartus
801 3178 829 3232 in
845 3178 990 3233 Academia
1008 3178 1186 3234 scientiarum
1202 3190 1230 3234 et
1251 3182 1377 3249 Artimn,

295 3278 361 3321 torn.
373 3266 387 3320 l
399 3304 407 3331 ,
420 3286 477 3336 pag.
490 3266 540 3336 87,
560 3265 589 3318 in
604 3264 667 3318 Vita
688 3263 801 3318 Joannis
818 3263 966 3329 Zamoscii,
979 3264 1136 3334 tumuloque
1146 3264 1306 3335 inscriptum
1317 3286 1379 3323 cer-

294 3370 359 3405 men
371 3370 378 3405 :
392 3372 406 3397 «
419 3350 473 3404 Hic
484 3350 548 3405 situs
562 3359 602 3404 est
616 3358 704 3415 vates,
719 3368 801 3419 quem
811 3348 875 3403 Divi
888 3347 1000 3404 Cetaria
1012 3350 1052 3402 ira
1064 3349 1177 3420 Augusti
1196 3350 1274 3405 Latia
1282 3352 1376 3406 cedere

293 3432 370 3503 jussit
380 3432 472 3487 burno.
481 3432 556 3502 Saepe
567 3431 648 3485 miser
653 3430 737 3484 voluit
744 3430 835 3502 patriis
846 3432 1003 3487 occumbere
1015 3431 1108 3499 terris,
1120 3430 1174 3485 Sed
1184 3431 1283 3487 frustra
1292 3452 1299 3486 τ
1307 3432 1378 3487 hunc

294 3516 332 3571 illi
343 3516 396 3570 sata
407 3514 505 3569 dedere
518 3516 613 3569 locum.
627 3536 641 3562 s
655 3512 731 3568 ldem
743 3516 917 3570 tetrastichon
926 3516 1009 3571 refert
1019 3516 1085 3570 Sim.
1098 3515 1311 3573 Starovobiusin
1319 3538 1378 3573 mo·

295 3599 432 3653 numentis
445 3596 645 3664 Sarmatarum,
659 3596 770 3651 Cracov.
788 3599 866 3665 1655,
878 3597 972 3651 in-sol.
984 3616 1042 3670 pag.
1054 3599 1112 3665 304.

329 3693 338 3723 ¹
360 3694 466 3762 Voyaffe
475 3692 510 3742 du
521 3691 633 3753 heaut,
650 3710 703 3757 par
712 3690 750 3741 M.
761 3692 794 3741 de
803 3690 918 3752 meone,
934 3692 1056 3757 bleege,
1075 3690 1155 3758 1731,
1169 3690 1256 3742 irs-8⁰.
1271 3702 1339 3745 tom.
1348 3690 1376 3758 l,

294 3790 353 3844 pag.
368 3790 413 3843 ¹²7
428 3772 508 3825 :Pes
518 3774 554 3825 du
562 3776 648 3840 niue
659 3775 691 3825 de
700 3775 728 3825 Ia
740 3792 795 3824 mee
804 3774 894 3834 Nocte,
910 3774 944 3825 dr
953 3775 1011 3825 cdte'
1019 3772 1193 3840 dePEmn,
1206 3792 1239 3826 or
1249 3777 1307 3826 voe't
1314 3776 1377 3827 dae

296 3857 395 3908 sectiles
406 3864 475 3907 tores
480 3872 588 3924 presque
596 3858 712 3917 maiales,
725 3854 803 3924 qu’ou
812 3856 913 3923 appelle
923 3857 962 3907 les
970 3864 1040 3908 tom
1049 3856 1081 3907 de
1091 3856 1216 3908 lierdre.
1236 3856 1376 3924 Quelqaes-

296 3958 346 3993 urs
351 3942 503 4006 pretenders!
513 3938 618 4009 qu’elles
627 3949 672 3992 ort
681 3942 788 3993 sem'de
793 3943 883 4008 prison
896 3940 915 3990 d
930 3938 1026 4002 Oaide,
1042 3943 1149 4009 qmr‘qre
1158 3937 1284 3993 teneare
1290 3956 1376 3992 assere

297 4022 410 4094 quilla!
419 4028 521 4093 relegat
530 4042 563 4077 ee
577 4025 693 4078 calabre.
708 4024 726 4061 *

322 4116 614 4171 *nemausumque
626 4118 739 4171 tamory,
755 4118 972 4172 &dampnum
989 4119 1021 4158 On
1034 4132 1049 4158 a
1064 4119 1090 4159 do
1104 4118 1242 4173 &plurim
1254 4129 1321 4162 nna
1335 4134 1373 4160 aa·

297 4198 372 4240 eruga-
383 4189 408 4229 B·
