3017 5000
453 442 552 511 PER
576 444 609 509 J.
636 442 868 513 MAssott.
1137 472 1199 542 ¹⁰9

123 582 182 657 ubi
204 601 323 658 notant
347 584 410 659 tria
432 584 573 659 indicari
589 588 772 663 necessaria
790 590 940 689 equitum
956 587 1052 677 liliis,
1070 608 1109 665 ut
1124 620 1201 692 pos

122 718 195 775 sent
207 702 306 775 curiae
318 700 498 793 interesse,
521 712 566 775 1⁰.
584 730 688 804 opes,
706 732 765 777 seu
775 732 933 779 censum:
953 716 1002 777 2⁰.
1020 706 1199 801 originem,

122 844 178 889 seu
199 816 363 891 natalium
388 816 618 919 splendorem
637 836 671 891 et
687 817 737 892 3⁰.
757 820 922 922 principis
945 821 1197 918 indulgentiam.

122 934 215 1007 llanc
237 950 279 1009 ut
306 934 446 1037 insuper
472 933 685 1023 confirment,
706 952 739 1008 et
756 932 821 1009 alia
836 936 1015 1036 proferunt
1030 937 1200 1040 exempla,

37 1050 38 1103 1
123 1052 246 1153 quibus
275 1070 369 1153 patet
394 1053 633 1155 imperatorum
654 1051 817 1128 beneficio
840 1053 945 1129 latum
968 1054 1096 1144 clavum
1121 1057 1204 1131 viris

37 1218 38 1241 t
122 1196 157 1240 er
172 1169 320 1269 equestri
335 1168 453 1243 ordine
466 1196 672 1244 eoncessum.
693 1171 760 1245 Sed
777 1200 881 1271 quum
896 1188 931 1244 et
945 1200 986 1245 ex
998 1169 1073 1245 aliis
1091 1200 1203 1273 quam-

121 1283 275 1386 plurimis
295 1304 448 1377 constet,
471 1288 563 1362 viros
582 1315 719 1389 quoque
735 1288 827 1363 haud
843 1287 1004 1363 natalium
1022 1289 1202 1391 splendore

120 1402 223 1478 claros
241 1402 463 1491 laticlaviam,
478 1432 515 1479 ac
534 1404 734 1479 senatoriam
749 1403 943 1501 dignitatem
957 1434 977 1479 a
989 1406 1201 1507 principibus

37 1554 38 1603 3
121 1520 334 1621 impetrasse,
361 1549 433 1595 non
456 1521 553 1595 video
578 1520 659 1621 quid
683 1522 813 1622 equites
830 1521 999 1622 splendidi
1017 1523 1080 1595 hac
1108 1523 1144 1595 in
1164 1552 1201 1598 re

37 1646 38 1719 ξ
120 1634 283 1735 peculiare
311 1636 515 1723 habuerint;
537 1635 604 1711 nisi
629 1634 777 1709 dicamus
799 1634 853 1707 his
877 1632 981 1709 latum
999 1632 1127 1710 clavum
1149 1636 1229 1711 sam

121 1751 192 1838 cile,
209 1770 245 1826 et
258 1754 372 1828 statim
389 1783 427 1829 ac
441 1754 628 1856 petierant,
643 1752 759 1827 datum
772 1753 895 1842 fuisse,
914 1782 1013 1855 quem
1026 1753 1084 1829 alii
1096 1755 1151 1829 vix
1164 1784 1201 1829 ac

121 1898 234 1967 magua
252 1888 383 1945 tantum
402 1871 507 1966 gratia
527 1869 746 1945 obtinuerint.

166 1990 215 2061 Ut
230 2005 270 2061 ut
286 1987 350 2073 sit,
370 1988 433 2061 tria
451 1984 567 2061 saltem
584 1984 635 2061 vel
653 2016 693 2063 ex
715 1990 849 2063 Nasone
874 2007 993 2064 nostro
1017 2008 1198 2065 constant:

38 2172 39 2175 ,
126 2117 167 2177 1⁰.
182 2105 388 2180 boemerum
402 2105 548 2179 tunicam
564 2102 630 2204 jam
644 2104 710 2179 hoc
729 2124 878 2208 tempore
896 2125 930 2180 et
945 2107 1199 2210 splendidorum

37 2200 38 2215 l
120 2223 265 2325 equiturn,
285 2252 347 2297 nec
358 2222 460 2297 modo
473 2238 685 2310 senatorum,
703 2220 841 2311 liberis,
859 2225 928 2299 sive
935 2226 1096 2300 natalium
1108 2227 1198 2326 jure,

122 2338 356 2413 sirebeneficio
371 2356 405 2413 et
417 2336 643 2434 indulgentia,
665 2362 855 2411 concessam
872 2336 994 2427 fuisse3
1009 2356 1110 2441 atque
1122 2370 1200 2443 pro-

121 2454 212 2542 inde,
239 2455 290 2530 uti
309 2456 375 2557 jam
392 2455 510 2558 Lipsio
537 2472 572 2530 et
597 2442 757 2530 Rubenio
780 2470 934 2528 notatum
953 2472 1026 2544 est,
1053 2455 1199 2532 Dionem

122 2570 197 2669 quid
209 2570 406 2646 humanitus
415 2599 551 2672 passum
563 2597 654 2659 esse,
669 2568 748 2642 dum
759 2567 936 2642 affirmavit
954 2578 976 2658 ¹,
987 2587 1065 2644 aute
1080 2571 1199 2646 Caium

122 2685 305 2782 Caligulam
320 2689 456 2761 nonnisi
467 2686 540 2762 solis
550 2686 701 2760 senatorio
710 2713 823 2787 genere
835 2687 916 2760 notri
926 2685 1047 2785 (μόνοις
1060 2703 1123 2772 πῶς
1136 2701 1195 2774 τοῖς

121 2812 149 2876 ἐκ
169 2818 218 2880 τοῦ
242 2811 435 2901 βουλευτικοῦ
450 2813 542 2906 φύλου
560 2807 785 2904 γεγενημένοις)
793 2805 976 2904 perterritum
985 2807 1095 2883 luisse
1110 2838 1198 2884 usum

122 2927 210 2999 votes
225 2927 411 3013 senatoria,
436 2939 597 3026 antequam
610 2923 820 3024 erroge'stratum
834 2922 932 3001 ullum
944 2924 1121 3023 gessissent,
1138 2955 1198 3027 quo

122 3040 218 3114 odilus
235 3042 269 3114 in
293 3055 430 3115 senatum
445 3055 587 3140 paratur.
613 3049 662 3112 2⁰.
691 3040 829 3113 Certum
851 3057 921 3128 est,
940 3039 1044 3114 latum
1069 3039 1197 3118 clavum

123 3153 184 3228 illis
201 3155 317 3229 datum
335 3155 370 3228 iu
385 3183 467 3255 spem
481 3153 597 3227 ordriris
616 3153 764 3227 senotoni'
771 3212 781 3239 ,
802 3170 842 3226 ut
857 3150 1007 3255 loquitur
1021 3155 1090 3228 Dio
1106 3156 1197 3257 apud

122 3269 331 3372 Xiphilinum
343 3278 370 3360 ²,
379 3269 420 3342 de
430 3269 523 3343 Juls'o
539 3266 701 3343 Calvostro
712 3266 944 3356 adolescente,
958 3270 1015 3369 qui
1029 3271 1059 3343 ei
1076 3271 1198 3346 dicitur

123 3393 345 3486 ιεχιλιάρχηκὼς
368 3391 398 3468 ἐς
413 3391 549 3478 danielem
566 3388 689 3472 ἑλπι’δα;
712 3384 837 3486 quique
852 3382 941 3457 idem
953 3385 1074 3486 procul
1091 3387 1196 3463 dubio

123 3531 270 3604 aequem
292 3501 475 3576 Suetonius
494 3498 506 3538 ³
526 3499 771 3575 innominatum
787 3515 884 3573 vocat
904 3500 1057 3574 tn'bunum
1076 3503 1196 3578 latide-

122 3678 223 3731 meiat>
235 3677 345 3730 filiolam
358 3691 450 3729 recens
459 3683 550 3728 natam
559 3673 693 3744 gratulari,
704 3669 921 3740 quumduoante
931 3669 1098 3725 filiiluissent
1107 3673 1197 3727 eidem

123 3763 190 3826 nati,
202 3772 280 3832 atque
294 3770 400 3831 poetam
412 3758 461 3812 suls
473 3757 650 3830 disjunctione
664 3766 691 3810 ct
702 3755 812 3809 filiolam
824 3758 891 3808 daec
902 3764 930 3808 et
942 3755 1034 3824 ambos
1050 3754 1117 3810 lilios
1129 3768 1195 3811 tan-

124 3865 197 3915 gere,
209 3858 238 3901 ut
251 3845 338 3911 dicat,
351 3854 379 3898 et
390 3841 556 3896 nobilitatem
569 3851 596 3894 et
607 3835 669 3910 opes
680 3839 854 3910 permittere,
867 3839 958 3901 Hanc,
980 3836 1073 3906 idest,
1081 3844 1195 3908 filiolam

124 3933 210 4002 primis
221 3931 321 4001 nuptiis
331 3928 438 3999 patritio
448 3927 540 3996 juveni
550 3925 669 3994 nubere,
682 3926 739 3978 Hos
749 3942 830 3990 veto,
843 3922 938 3990 idest,
951 3923 1101 3993 Duosfile'os
1111 3925 1195 3979 latum

127 4015 222 4069 &vum
235 4035 311 4086 posse
322 4013 449 4078 induere,
461 4021 512 4065 etc.

161 4103 169 4134 ¹
185 4101 239 4154 Lib.
251 4101 404 4170 tht‚pag.
414 4097 464 4164 646
475 4106 502 4150 et
514 4096 570 4166 647.
621 4167 626 4176 ¹
715 4173 728 4182 Η

159 4185 171 4216 ²
185 4184 238 4238 lib.
252 4183 380 4248 extu,
397 4199 455 4251 pag.
469 4180 525 4253 704.

159 4263 170 4298 ¹
185 4269 215 4322 ln
226 4267 325 4324 Domit.
337 4285 394 4336 cap.
408 4284 446 4319 ιο·
