3017 5000
409 443 479 510 nr
503 443 882 514 unnrnrronus.
1115 387 1181 541 ιι,

121 595 246 671 cerunt,
275 609 380 682 quum
405 607 464 656 eos
494 580 619 673 libros,
649 611 733 684 quos
750 583 786 656 in
804 580 920 658 exsilio
939 583 1097 685 scripsit,
1113 615 1185 660 uno

120 705 293 806 eodemque
308 703 477 780 volumine
496 733 572 781 cum
585 733 642 782 sex
653 705 708 781 his
721 707 881 805 conjungi
895 705 1032 798 solitos,
1051 707 1186 784 scholiis

120 826 344 917 illustrassem,
361 845 400 902 ut
417 827 454 902 hi
471 827 583 904 cadem
601 856 735 930 quoque
757 827 927 928 diligentia
950 848 984 904 et
1006 830 1184 920 industria,

121 981 174 1053 qm
188 952 224 1026 in
237 951 306 1027 illis
313 979 394 1026 usus
405 978 503 1043 eram,
513 981 586 1028 mea
596 953 632 1026 in
642 951 749 1029 lucem
761 954 945 1056 prodirent.
958 953 1053 1054 Quid
1062 954 1188 1030 multa?

120 1074 230 1162 litiis,
246 1090 280 1149 et
293 1074 492 1176 quibusdam
505 1073 580 1152 aliis
595 1076 690 1166 viris,
705 1104 851 1178 quorum
861 1078 1103 1179 propemodum
1119 1078 1184 1154 suh
1291 1169 1292 1172 Ἴ

120 1194 250 1298 imperio
268 1225 341 1272 sum
357 1202 497 1294 (uotum
513 1199 599 1274 enim
615 1216 681 1290 est,
700 1227 803 1300 quam
818 1197 932 1297 legum
948 1202 1080 1290 studio,
1095 1200 1186 1277 aliis·

120 1347 176 1420 que
187 1320 334 1417 negotiis
346 1320 409 1396 sim
423 1325 630 1425 occupatus)
641 1323 826 1424 parendum
841 1324 942 1414 duxi,
958 1327 1109 1428 quamvis
1120 1327 1186 1401 hoc

120 1471 199 1518 onus
209 1444 293 1520 meis
299 1445 433 1521 ¹viribus
442 1443 542 1542 longe
551 1447 660 1548 impar
672 1473 742 1522 esse
756 1448 924 1522 senserim.
936 1451 1067 1524 Horum
1077 1467 1186 1524 tamen

120 1595 208 1642 causa
233 1585 266 1641 et
287 1567 435 1669 impulsu
459 1569 487 1643 si
518 1571 600 1671 quid
625 1599 645 1645 a
667 1599 719 1644 me
742 1572 929 1672 praestitum
951 1570 1080 1661 fuerit,¹
1098 1573 1187 1673 quod

120 1690 249 1766 eruditis
265 1690 414 1792 placeat,
433 1690 585 1782 laetabor;
604 1695 656 1768 sin
674 1695 807 1784 minus,
826 1722 883 1768 eos
899 1694 962 1769 hac
976 1721 1049 1770 mea
1065 1694 1188 1770 voluu-

121 1833 198 1904 tate‚
221 1843 286 1917 qua
302 1813 490 1917 preclaram
506 1815 651 1918 aliquam
668 1847 739 1892 rem
756 1837 911 1921 praestare
927 1819 1125 1920 cupiissem,
1149 1820 1185 1894 in

120 1921 228 2038 primis
244 1931 420 2012 contentos
435 1965 507 2014 esse
523 1937 626 2012 decet.
654 1937 707 2012 De
723 1938 863 2014 Ovtmo
881 1957 991 2014 autem
1013 1940 1109 2042 ipso,
1127 1943 1187 2042 qui

121 2088 137 2133 a
152 2057 394 2164 sapientissimo
408 2060 633 2163 philosopho,
652 2063 792 2150 Seneca,
806 2079 981 2163 poetarum
993 2064 1189 2159 ingeniosis·

121 2185 297 2260 simusuon
311 2185 476 2258 immerito
490 2202 635 2274 vocatur,
651 2184 732 2288 quid
748 2185 804 2258 hic
817 2184 952 2259 dicam?
967 2186 1102 2286 quidde
1116 2187 1187 2286 ejus

121 2307 371 2412 inquacumque
385 2306 576 2412 disciplina,
590 2336 662 2411 quae
675 2309 747 2408 ejus
758 2308 865 2410 ipsius
877 2307 982 2384 etatis
992 2307 1187 2386 homiuibus

121 2450 195 2507 uota
206 2450 297 2523 erat,
311 2430 500 2535 prestantia
509 2433 658 2507 ?·Nonne
671 2431 726 2507 his
737 2430 959 2517 carminibus,
973 2430 1098 2533 quibus
1111 2459 1189 2535 pen

122 2576 247 2633 secutus
265 2575 317 2632 est
333 2586 406 2659 qua
430 2556 472 2629 ad
493 2575 619 2631 veteres
642 2558 870 2631 Romanorum
891 2554 977 2630 ritus
995 2557 1187 2658 pertinent,

122 2708 253 2784 queque
272 2680 351 2777 (hac
368 2680 500 2780 quidem
516 2680 551 2752 in
565 2680 617 2778 re)
631 2676 747 2767 exilia,
765 2678 871 2767 nuda,
886 2678 1064 2778 jejunaque
1077 2695 1186 2767 erant,

122 2802 188 2901 (sic
204 2804 292 2879 enim
311 2804 370 2891 iis,
389 2802 447 2904 qui
465 2802 605 2877 materia
631 2802 806 2903 proposita
826 2800 955 2903 aliquid
980 2800 1190 2877 scribendum

123 2928 321 3029 suscipiunt,
336 2926 372 2999 in
383 2955 462 3027 quo,
473 2924 575 3001 veluti
588 2926 735 3026 spatioso
744 2953 872 3027 campo,
882 2924 992 3021 vagari
1003 2940 1187 3025 nequeant,

123 3048 261 3124 accidere
272 3046 377 3147 solet)
389 3049 546 3144 graviter,
561 3066 694 3137 ornate,
708 3048 909 3151 copioseque
919 3048 1094 3122 tractarit?
1108 3047 1190 3149 quid

123 3170 161 3245 de
174 3172 379 3275 eloquentia,
398 3201 463 3274 qua
473 3171 556 3246 alios
572 3171 694 3248 latinos
716 3188 849 3273 poetas,
862 3188 902 3244 ut
919 3170 1105 3245 Gulielmus
1117 3171 1190 3245 Sir-

124 3293 220 3386 letus,
233 3293 409 3371 cardinalis
421 3293 659 3396 amplissimus;
672 3292 877 3396 Hippolytus
888 3290 1091 3394 Capilupus,
1101 3293 1191 3395 cpis-

124 3446 242 3520 copus;
261 3420 311 3493 M.
330 3418 499 3493 Antonius
516 3420 689 3507 Muretus,
705 3418 826 3493 Petrus
845 3416 1051 3504 Ciacconus,
1067 3414 1190 3517 aliique

125 3541 182 3616 riri
199 3542 382 3617 doctissimi
398 3544 566 3631 sentiunt,
583 3542 681 3639 longe
709 3540 840 3642 lateque
855 3540 1049 3643 superavit?
1064 3540 1101 3613 iu
1124 3568 1190 3642 qua

123 3692 216 3754 eum,
233 3684 273 3740 ut
298 3664 340 3739 de
365 3665 466 3741 altera
495 3665 614 3767 loquar
636 3663 813 3753 facultate,
832 3664 991 3757 Cicerone
1016 3680 1050 3736 et
1074 3661 1191 3752 Livio,

125 3786 248 3889 quibus
263 3788 352 3891 apud
364 3790 503 3864 Latinos
520 3788 687 3891 copiosius
705 3816 803 3863 nemo
819 3786 967 3888 scripsit,
983 3784 1190 3873 inferiorem,

126 3909 152 3985 si
171 3912 246 4013 quis
262 3940 336 3987 rere
351 3930 451 4016 atque
476 3914 666 4013 incorrupte
679 3911 861 4011 judicabit,
877 3909 1011 3985 minime
1026 3910 1190 4011 reperiet,

126 4032 184 4109 sed
199 4034 244 4109 eis
257 4036 376 4111 merito
394 4035 575 4141 comparari
593 4062 691 4137 posse
705 4063 742 4111 ac
757 4034 875 4110 debere
891 4031 1129 4110 confitebitur..
1140 4086 1166 4105 ..
1183 4131 1186 4139 ,

534 4224 773 4253 ..n-*⁸¹*-
