3017 5000
329 478 395 545 ssu
671 478 710 542 r.
739 474 921 545 ovrntt
944 436 1081 541 vira

330 619 489 715 gnomiue
504 616 595 691 dieto
613 618 790 701 successit,
814 614 904 689 idem
923 642 1059 716 quoque
1074 643 1260 711 cognomen
1278 615 1417 691 adsum-

330 734 375 807 sit
395 743 427 821 ¹,
448 731 541 834 qnod
559 750 593 806 et
610 730 666 807 alii
682 750 798 832 postea
817 732 979 806 continuo
993 746 1208 833 usurparunt.
1227 734 1298 807 tter
1309 730 1416 819 alius,

329 872 429 948 quam
440 844 598 920 Tiberius
607 846 664 919 bic
674 844 817 941 intelligi
826 863 949 948 potest,
956 845 1128 946 siqnidem
1139 844 1284 921 Ouidius
1296 864 1414 947 postca

328 966 369 1039 de
386 967 544 1059 Augusto
562 981 795 1053 antecessore,
814 992 876 1039 ceu
891 965 958 1063 jam
975 964 1134 1039 defuneto
1149 981 1183 1039 et
1198 982 1411 1052 consecrato,

325 1080 496 1183 loquitur,
513 1107 598 1156 vers.
621 1078 800 1168 toli-tro,
820 1098 853 1153 et
877 1080 1035 1181 ¹²7'¹3l
1052 1090 1078 1153 ².

376 1208 465 1281 Hinc
483 1236 586 1309 porro
605 1225 699 1307 patet
719 1266 727 1297 ,
754 1208 909 1282 Floccum
929 1205 1026 1280 illurn
1042 1234 1113 1280 non
1134 1234 1206 1282 esse
1224 1208 1413 1283 Norbanum

328 1351 383 1398 an.
403 1326 447 1397 U.
467 1324 505 1399 C.
526 1341 710 1399 ncctxvttt
730 1322 920 1410 consulem,
940 1349 1043 1424 quum
1061 1324 1198 1397 Tacitus
1217 1340 1360 1399 testetur
1376 1324 1411 1409 ³,

325 1438 499 1517 Tiberium
518 1470 556 1517 eo
570 1470 658 1517 anno
665 1444 800 1545 pitirum
813 1442 950 1516 comitia
965 1440 1154 1516 consularia
1170 1440 1339 1516 babuisse.
1348 1440 1414 1515 ld·

328 1561 417 1635 eirco
434 1560 525 1634 baud
543 1580 619 1637 ante
635 1562 774 1636 Flaccus
797 1587 835 1635 ae
857 1561 1030 1635 Graecinus
1054 1579 1239 1660 putuerunt
1256 1560 1413 1635 consules

327 1709 345 1752 a
362 1678 503 1753 Tiberio
521 1679 691 1775 designari
707 1710 715 1753 ε
729 1706 790 1753 uec
808 1680 907 1753 etiam
924 1678 1039 1780 potuit
1055 1678 1125 1751 btec
1141 1678 1287 1753 Nasonis
1309 1679 1413 1781 Epis-

329 1791 418 1881 tola,
437 1820 535 1894 quam
552 1820 738 1881 versamus,
753 1811 830 1867 ante
847 1793 959 1867 eudem
975 1792 1108 1866 comitia
1121 1793 1340 1895 eumdemque
1353 1820 1413 1865 nn-

327 1938 408 1984 num
426 1910 540 1984 scribi.
559 1910 659 1984 Unde
682 1938 756 2011 quat
774 1910 928 2010 superius
947 1909 1092 1983 diximus
1105 1909 1188 1983 adeo
1209 1908 1316 1983 valide
1334 1936 1412 1982 con

325 2026 510 2115 sinuantur,
523 2024 700 2101 utnullum
711 2027 858 2127 supersit
866 2024 1017 2113 dubium,
1033 2028 1116 2127 quin
1129 2027 1242 2102 eadem
1252 2026 1410 2128 Epistola

326 2144 392 2219 hoc
411 2172 499 2219 anuo
518 2160 693 2231 occult,
713 2160 746 2217 et
761 2144 896 2244 quidem
910 2142 1013 2243 paulo
1025 2158 1101 2218 ante
1119 2144 1273 2220 kalendas
1287 2146 1411 2217 Metus
1432 2196 1455 2205 ·-

328 2262 393 2357 (ex
412 2260 520 2363 lapide
539 2290 614 2363 sup.
633 2289 710 2362 pag.
726 2261 866 2392 preced.
883 2259 1062 2361 prolato),
1082 2260 1228 2335 Groecitu
1242 2261 1309 2358 jam
1321 2284 1410 2333 con-

327 2374 392 2451 suli
410 2374 600 2471 designato,
620 2392 654 2451 et
665 2402 746 2448 mox
759 2376 992 2470 magistratum
1002 2374 1129 2448 inituro
1141 2375 1182 2448 ad
1199 2374 1279 2447 anni
1295 2374 1408 2447 suman

318 2511 434 2594 ‘usque
452 2492 595 2579 exitum,
615 2490 716 2566 missa
731 2491 842 2566 buerit.

376 2619 439 2693 lll.
458 2617 629 2692 Addamus
654 2634 687 2690 et
707 2616 834 2691 ibidem
857 2616 1019 2690 Ovidium
1047 2616 1183 2702 docere,
1201 2615 1409 2716 Ρυυφοιιιίωι

326 2737 480 2810 Flaccum
500 2734 600 2837 paulo
618 2733 777 2808 antehoc
796 2753 930 2835 tempus
954 2734 1074 2839 Mysiae
1095 2730 1110 2779 ⁴
1136 2731 1307 2837 Pontoque
1322 2761 1410 2835 prte-

324 2849 578 2938 l'ectum‘firisse,
595 2848 692 2926 titulo
704 2849 844 2951 proinde
861 2850 956 2950 legati
964 2851 1185 2947 proproe'tonit,
1207 2878 1312 2951 quum
1319 2879 1408 2925 non-

325 2969 405 3044 dum
433 2969 553 3046 consul
576 2967 710 3056 suisset,
731 2986 830 3069 atque
849 2995 903 3042 res
918 2969 1020 3041 amuis
1037 2966 1193 3069 preclare
1215 2969 1251 3042 in
1273 2968 1330 3044 illa
1353 2999 1407 3044 re-

225 3109 233 3132 ‘·
325 3088 422 3186 gione
441 3081 591 3184 gessisse.
610 3085 716 3160 Addit
735 3087 844 3174 enim,
863 3110 948 3160 vers.
970 3085 1110 3186 75-80:
1199 3115 1202 3124 ·

358 3289 365 3320 ¹
387 3285 550 3342 Hincetllb.
563 3285 615 3352 IV,
630 3285 679 3354 Ep.
691 3300 764 3351 xttt,
779 3283 895 3340 Ovidius
906 3283 933 3338 id
948 3284 1058 3339 Tiberio
1074 3285 1182 3354 ttiltuit,
1200 3305 1268 3342 vers.
1288 3293 1338 3344 25:
1352 3291 1406 3367 ’ἰᾷ.

323 3391 382 3440 sup.
394 3389 451 3441 pag.
464 3373 520 3428 232.

357 3463 369 3492 ²
388 3460 427 3514 Ex
439 3461 534 3530 quibus
546 3459 718 3516 manifestum
734 3473 791 3528 est,
812 3480 919 3515 carmen
933 3459 1012 3528 illud,
1025 3463 1080 3529 iam
1096 3464 1213 3531 Augusto
1226 3463 1278 3516 vita
1295 3465 1406 3532 luttrto,

325 3562 355 3596 ac
366 3543 438 3596 inter
448 3542 534 3598 sidera
545 3544 630 3598 locuto
641 3583 648 3609 ,
661 3555 797 3598 exaratum
808 3542 899 3597 luisse.
909 3542 951 3596 Ut
961 3545 1059 3598 merito
1070 3543 1165 3598 exinde
1171 3543 1205 3599 el.
1211 3547 1293 3598 Jm.
1305 3549 1413 3613 l'e'ffaeolr'

324 3627 435 3681 miratus
452 3631 502 3694 sit,
521 3628 578 3680 viro
597 3627 747 3684 doctissimo
766 3630 827 3685 Ger·
845 3629 938 3683 Vestio
949 3628 1036 3682 visum
1052 3646 1127 3694 esse,
1143 3628 1298 3698 etquidem
1310 3651 1344 3684 ex
1357 3632 1406 3686 boc

324 3720 465 3778 poemate,
480 3709 593 3780 Augusti
608 3709 790 3780 Apotheotin,
804 3730 885 3782 quam
904 3709 1018 3769 Ovidius
1036 3713 1065 3766 in
1082 3712 1172 3776 exsilio
1187 3713 1300 3778 cecinit,
1318 3715 1406 3768 cidem

326 3791 439 3862 principi
452 3791 538 3846 adbuc
550 3794 649 3847 viventi
660 3794 786 3863 scriptam
800 3793 881 3852 lutiae
887 3815 898 3872 5
906 3797 1043 3850 leCqun.
1054 3798 1215 3860 Amll'i,
1228 3815 1287 3868 pag.
1298 3799 1340 3853 85.

357 3881 368 3917 ³
385 3884 483 3938 Annal.
495 3885 538 3939 lib.
554 3887 583 3956 l,
596 3906 651 3956 cap.
668 3889 707 3942 81.

317 3962 323 3970 ⁵
358 3977 370 4014 ⁴
386 3977 483 4030 Moesr'a
501 3975 597 4032 dicitur
615 3977 726 4046 Tacito,
739 3977 784 4033 lib.
796 3979 827 4047 l,
841 4001 895 4050 cap.
914 3982 966 4046 80,
983 3989 1032 4035 ete.
1051 3979 1090 4033 uti
1101 3991 1130 4034 et
1147 3979 1175 4033 in
1187 3980 1318 4050 lapidibus
1336 3983 1404 4054 apud

324 4057 475 4113 Gruterum
486 4061 570 4116 variis.
583 4062 648 4131 Illo,
661 4085 719 4134 pag.
732 4066 796 4130 453,
815 4065 854 4117 Τι’.
866 4069 986 4119 nutius
993 4067 1120 4137 Sylmcs
1131 4064 1284 4120 inscribitur
1297 4064 1403 4121 Claudii

325 4145 436 4202 cesaris
450 4162 547 4202 tuear.
563 4165 709 4204 ruorrtmr.
727 4149 849 4206 Mensem
868 4146 998 4204 Nondum
1012 4149 1087 4204 enim
1107 4148 1137 4204 in
1156 4149 1221 4207 dnae
1238 4151 1400 4222 provinc'ns,

320 4233 485 4301 superiorem
499 4251 528 4289 ac
540 4232 712 4298 inferiorern,
729 4231 813 4287 divisa
825 4232 913 4286 luerat
927 4235 1027 4288 Mesia.
