3017 5000
619 524 743 594 lBlS.
1196 527 1215 588 5

142 669 249 767 Quam
269 666 352 742 mihi
370 665 414 742 sit
431 683 540 742 tecum
559 666 698 768 positis,
714 693 787 768 quae
804 665 1003 755 sumsimus,
1020 665 1121 740 armis

187 783 319 868 Gratia,
337 783 545 872 commissis,
563 783 738 885 improbe,
756 799 854 884 rupta
873 781 963 856 tuis:

143 898 249 996 Quam
264 896 362 972 dolor
374 899 430 972 bic
445 925 592 1000 unquam
611 898 720 1000 spatio
739 925 929 972 evanescere
946 896 1077 999 possit,

187 1013 307 1088 Leniat
319 1031 380 1087 aut
398 1013 512 1087 odium
532 1031 663 1115 tempus
681 1030 716 1088 et
732 1012 815 1086 bora
832 1013 962 1086 meum!

141 1127 206 1202 Pax
223 1129 287 1203 erit
303 1129 372 1203 baec
390 1131 509 1219 uobis,
531 1129 636 1204 donec
654 1128 819 1228 mibivvita
837 1128 1004 1216 mauebit,

187 1243 271 1318 Cum
288 1271 408 1345 pecore
423 1242 555 1317 infirmo
575 1272 647 1345 quae
664 1241 751 1318 solet
767 1271 838 1317 csse
856 1241 958 1344 lupis.

142 1361 248 1435 Prima
266 1363 400 1464 quidem
419 1381 529 1465 coepto
547 1361 750 1436 committam
769 1358 881 1463 praelia
899 1389 1018 1436 versu:
1187 1378 1222 1448 4⁵

186 1483 264 1554 Nou
284 1480 413 1556 soleant
432 1481 581 1582 quamvis
599 1480 665 1554 boc
683 1480 767 1580 pede
786 1478 871 1554 bella
888 1478 967 1576 geri.

143 1597 252 1697 thue
264 1599 357 1698 petit
373 1598 482 1698 primo
500 1594 638 1699 plenum
656 1595 806 1670 [laventis
823 1625 929 1672 arcuo

185 1714 346 1787 Nondum
366 1711 496 1788 calfacti
513 1710 622 1788 velitis
639 1712 735 1787 basta
750 1711 880 1802 solum;

141 1829 193 1904 sic
209 1859 272 1926 ego
291 1847 323 1904 te
340 1830 428 1905 ferro
446 1829 597 1904 nondum
613 1829 787 1928 jaculabor
804 1848 924 1918 acuto,

188 1946 350 2021 Protinus
366 1945 509 2021 invisum
528 1975 588 2020 nec
606 1963 698 2048 petet
713 1947 808 2022 basta
826 1965 938 2049 caput.
1190 1963 1223 2016 5ο

140 2063 185 2135 Et
200 2091 309 2165 neque
321 2090 443 2136 nomen
463 2064 497 2136 in
515 2063 598 2153 hoc,
618 2092 678 2138 nec
695 2063 802 2139 dicam
818 2061 904 2138 lacta
920 2059 1055 2151 libello;

186 2179 303 2280 Teque
319 2179 428 2267 brevi,
447 2181 504 2282 qui
522 2179 584 2270 sis,
604 2179 812 2256 dissimulare
829 2180 946 2257 sinam.

140 2293 342 2384 Postmodo,
360 2297 387 2372 si
406 2325 542 2398 perges,
562 2298 643 2371 inte
661 2297 743 2372 mihi
760 2295 847 2371 liber
860 2296 993 2371 iambus

185 2411 306 2487 Tincta
324 2413 510 2515 Lycambeo
530 2413 690 2511 sanguiue
707 2413 773 2488 tela
789 2412 893 2487 dabit.

138 2530 254 2620 Nunc,
273 2561 342 2633 quo
360 2532 533 2607 Battiades
548 2531 719 2606 inimicum
736 2530 874 2606 devovet
890 2528 989 2618 Ibin,
1187 2548 1220 2602 55

136 2693 225 2747 Jureti
249 2694 339 2760 libro,
360 2704 388 2747 et
406 2694 524 2765 quinque
542 2704 587 2748 aut
605 2712 650 2747 ses
700 2692 772 2747 Nota
785 2691 897 2746 iambica
912 2687 1080 2743 mordacitas.
1092 2686 1219 2743 Archilo-

136 2770 198 2825 sliis.
216 2772 319 2826 lintres.
700 2770 782 2825 chum
789 2770 908 2840 primum
917 2766 1012 2823 iambis
1020 2786 1098 2822 usum
1110 2767 1219 2821 volunt:

166 2852 209 2916 lo.
234 2852 392 2903 commissis.
416 2850 565 2902 Promen'trs
586 2848 654 2901 alter
703 2859 733 2903 ut
746 2848 842 2902 Horat.
858 2847 891 2902 de
911 2847 978 2903 Arte
995 2846 1070 2900 Poet.
1088 2864 1156 2899 vers.
1174 2863 1221 2918 79:

137 2930 299 2983 Puteaneus.
314 2929 377 2983 Post
392 2928 463 2982 hunc
474 2945 581 2981 versum
592 2926 655 2996 plu·
704 2946 717 2973 s
726 2924 916 2980 Archilochum
924 2926 1032 2996 propriu
1043 2922 1129 2977 rabies
1136 2940 1221 2975 arms·

136 3008 211 3062 rime
235 3007 368 3062 editiones
390 3018 417 3061 ct
436 3008 525 3077 scripti
548 3006 654 3059 insere·-
702 3004 741 3057 vit
753 3003 842 3056 iambo
851 3042 860 3068 ,
875 3013 925 3057 etc.
939 3026 952 3050 υ
966 3002 1117 3076 Lycamben
1126 3000 1218 3069 enim,

136 3088 200 3140 hant
210 3085 360 3152 distichon,
372 3085 443 3155 quod
455 3084 573 3138 obcursit
585 3084 655 3138 inlra
703 3102 825 3139 socerum
831 3102 925 3149 suum,
934 3102 1009 3153 aquo
1016 3080 1221 3152 minusdcspon·

137 3183 172 3217 vs
192 3165 259 3217 133:
275 3174 303 3217 et
313 3163 436 3234 Micyllus
449 3174 523 3217 notat
533 3162 574 3215 hic
583 3161 656 3216 disti·
703 3175 767 3218 sato
779 3164 839 3218 filice
852 3164 950 3234 nuptiis
961 3163 1014 3217 trut
1027 3171 1132 3233 posset,
1145 3162 1221 3215 vim-

137 3242 185 3297 cbu
196 3242 253 3295 duo
265 3240 351 3295 omitti
366 3242 394 3294 in
406 3241 460 3295 aliis
469 3239 609 3295 codicibus.
701 3240 781 3297 lentis
788 3238 1219 3311 etmaledicentissiruispoematiis

169 3322 211 3387 43.
229 3321 290 3373 Pax
306 3326 357 3373 err'!
368 3323 422 3374 dae·
436 3323 510 3373 notis
525 3330 573 3375 etc.
590 3321 652 3374 Non
702 3321 734 3375 sd
747 3322 855 3391 laqueos
865 3321 961 3392 adegit.
973 3321 1089 3375 Dttssttt„

139 3398 264 3453 dissimile
286 3398 351 3455 illud
369 3398 474 3463 Ftacci,
494 3398 652 3469 Epod.1V,
736 3404 776 3455 55.
790 3403 933 3455 Battiades.
947 3398 1143 3465 Callimachus,
1157 3398 1220 3467 quia

139 3496 196 3531 ιιι
213 3496 245 3530 :⁴1
261 3476 342 3546 Lupis
353 3486 380 3530 et
395 3475 468 3545 agnis
482 3486 580 3545 quanta
595 3495 654 3529 sor-
704 3482 751 3539 ulle
766 3481 854 3535 leeesu
869 3488 910 3534 καὶ
922 3480 1064 3546 liconiensis,
1083 3486 1114 3531 ut
1131 3486 1170 3531 est
1189 3476 1220 3529 in

138 3554 188 3609 tito
199 3555 314 3626 obtigit,
332 3556 434 3611 Tecum
446 3554 513 3610 mibi
525 3554 654 3610 discordia
703 3557 794 3613 Suida.
807 3558 860 3611 Alii
873 3578 887 3611 a
902 3558 981 3612 Batto
996 3575 1076 3627 rege,
1098 3555 1219 3630 Cyrenes

139 3646 185 3689 est
194 3658 208 3682 ν
223 3634 341 3689 Dsssn.
702 3637 860 3705 conditore,
880 3636 918 3691 ita
930 3646 1052 3691 vocatum
1066 3634 1177 3702 volunt,
1193 3646 1222 3689 st

170 3716 214 3781 45.
226 3716 322 3781 θυμω.
334 3712 460 3785 Coepturn
472 3734 579 3770 versum
588 3714 654 3769 sim·
705 3712 877 3788 Cyrenenses
885 3713 1222 3769 omuesBatte'adesdictcs.

139 3791 243 3859 pliciter
263 3792 403 3863 intellige,
429 3813 484 3864 quo
502 3795 580 3865 coepit
599 3792 655 3849 hec
702 3796 803 3846 -Ibr'a.
811 3793 983 3863 Apollonium
991 3791 1225 3846 Rhodium-1212

138 3871 252 3925 scribere
265 3870 294 3923 in
307 3870 384 3938 Ibin,
398 3872 449 3927 boc
456 3882 511 3938 est,
523 3871 654 3942 Eleglaco.
703 3872 880 3925 ms'cnm.Nam
887 3891 971 3941 quum
980 3872 1072 3926 luisset
1080 3869 1223 3939 discipulus

172 3948 213 4015 48.
227 3950 287 4003 Hoc
296 3954 369 4017 pede.
390 3952 459 4005 Naro
476 3960 564 4004 metro
581 3951 654 4003 iam·
705 3947 878 4015 Callimachi,
893 3949 998 4013 multa,
1016 3966 1076 4017 quse
1093 3966 1108 4000 a
1123 3966 1224 4017 prece-

140 4024 198 4079 bico
210 4026 350 4083 matedicsa
361 4027 521 4083 scribuntur.
703 4036 780 4097 ptore
793 4038 948 4097 acceperat,
968 4044 1017 4097 pro
1033 4026 1087 4080 suis
1104 4035 1224 4080 ostenta·

173 4108 214 4172 48.
226 4108 324 4161 Velitis.
334 4106 435 4161 Velites
444 4105 506 4161 leuis
515 4115 656 4161 armature
704 4107 1059 4163 bethlon-Berconum.
1067 4106 1222 4161 Nonsolum

141 4193 169 4238 et
180 4183 293 4253 expediti
306 4205 313 4239 τ
325 4184 386 4239 vide
399 4186 520 4239 Turueb.
532 4187 564 4252 48
576 4224 586 4253 ,
597 4183 657 4239 Ad·
704 4198 816 4258 propter
828 4186 1010 4257 impuritatem
1025 4198 1052 4241 et
1069 4186 1223 4257 spurcitiem

142 4282 208 4317 vers.
219 4263 254 4317 lib
265 4264 344 4331 XIV,
354 4284 410 4335 cap.
430 4286 467 4319 ιι.
479 4264 553 4321 tht.
705 4266 786 4337 ipsius
792 4266 995 4337 significandam
1002 4306 1011 4332 ,
1019 4266 1079 4322 lbin
1087 4265 1136 4319 dici
1145 4274 1225 4335 puto:

176 4344 214 4410 54.
224 4344 316 4399 Tr'scta
322 4344 655 4418 Lscamdeosaagur'neetc.
705 4343 751 4399 sed
770 4355 799 4399 et
812 4344 874 4414 quia
887 4342 1029 4417 AEgyptios
1043 4355 1109 4400 esset
1122 4343 1228 4414 patria,
