3017 5000
303 529 346 572 no
580 505 620 570 P.
650 505 834 572 OVIDII
865 507 1095 578 NASONIS

353 648 385 722 A
404 647 486 720 duce
504 645 652 724 Puniceo
669 645 828 748 pertulit,
847 648 920 750 ipse
936 649 1031 724 seraa

302 767 372 838 Nec
390 761 452 836 tibi
466 759 618 836 subsidio
635 762 680 836 sit
697 791 841 865 praeseus
857 793 1000 854 numen,
1019 785 1060 842 ut
1073 767 1142 857 illi,
1327 792 1380 846 255

353 879 418 956 Cui
436 878 520 954 nibil
539 881 666 954 Hercaei
682 880 812 982 profuit
828 909 882 956 ara
897 883 1012 958 Jovis:

301 999 416 1097 thue
435 995 527 1069 dedit
545 993 650 1071 saltus
668 996 715 1081 des
727 1025 858 1073 summo
874 997 1054 1074 Thessalus
1070 1000 1179 1088 Ossa,

351 1113 405 1184 Tu
423 1139 557 1212 quoque
576 1137 694 1186 saxoso
709 1110 916 1213 praecipitere
932 1114 1033 1212 jugo:

300 1231 373 1303 Aut
389 1225 480 1301 velut
498 1225 654 1328 Euryali,
674 1228 731 1328 qui
749 1246 917 1330 sceptrum
935 1229 1023 1330 cepit
1042 1228 1085 1302 ab
1103 1226 1178 1317 illo,

351 1344 426 1420 Sint
441 1362 533 1419 artus
548 1344 653 1419 avidis
669 1343 836 1439 anguibus
852 1373 926 1418 esca
941 1346 1009 1419 tui:

300 1457 364 1531 Vel
380 1476 437 1532 tua
455 1477 616 1547 maturet,
637 1459 722 1533 sicut
738 1458 869 1532 Minoia
882 1459 969 1547 sata,

351 1577 416 1650 Per
433 1594 534 1677 caput
550 1575 668 1650 infuse
685 1575 832 1649 fervidus
849 1575 971 1650 humor
986 1603 1101 1676 aquae

300 1692 414 1792 thue
433 1719 551 1791 pamm
569 1689 660 1778 miti,
677 1689 734 1764 sed
753 1718 823 1764 nou
839 1688 995 1791 impune,
1015 1687 1253 1778 Prometheus,

351 1806 470 1880 Aerias
488 1805 639 1880 volucres
656 1805 817 1901 sauguine
831 1805 918 1880 fixus
935 1805 1025 1880 alas:

298 1989 397 2062 patria.
416 1989 481 2060 Quo
492 1989 619 2060 supplicio
630 1993 664 2044 sit
676 1989 814 2056 adlectus,
899 1993 955 2064 289.
973 1991 1030 2044 alu!
1046 1993 1117 2042 wls!
1128 1991 1244 2061 Euryali.
1258 1989 1378 2044 Hemon

297 2069 814 2126 nonsatisconstituuntAnnales.Dou.
865 2067 1379 2136 filiumltabuithessnlum,Thessalia

338 2150 393 2215 284.
416 2149 443 2201 A
463 2151 527 2201 duce
545 2147 663 2200 Puniceo.
689 2149 815 2218 Csiryphrb
843 2145 1379 2218 .regem,quiabEuryaloadrena(nasn

300 2224 452 2280 Constantii
461 2226 559 2290 codem
573 2225 709 2296 quomodo
719 2227 821 2280 Noster*
864 2236 922 2280 erat
931 2223 1208 2296 corcyreustexossa
1214 2238 1379 2298 montepen-

299 2305 412 2360 Melam.
426 2306 491 2372 XV,
503 2325 570 2358 vers.
580 2307 646 2374 755,
663 2307 814 2376 Crisypdium
862 2302 984 2372 cipitatus
999 2313 1045 2357 est.
1055 2304 1095 2357 Ea
1102 2303 1174 2358 cede
1180 2324 1264 2373 quum
1271 2305 1379 2375 purgari

296 2387 392 2436 ,Istam
403 2383 475 2438 dixit.
491 2384 592 2436 Herus.
864 2403 920 2436 non
930 2394 1018 2452 posset
1027 2384 1173 2456 Euryalus,
1185 2383 1306 2438 deditum
1314 2386 1381 2458 Sty-

339 2462 394 2516 285.
411 2463 460 2517 Cui
468 2463 537 2515 nillil
551 2463 657 2515 Hercei.
676 2460 813 2528 Priamus,
864 2459 913 2531 gie
925 2460 1014 2531 paludi
1025 2473 1120 2531 caput,
1137 2462 1272 2520 furialibus
1283 2466 1381 2537 angui-

297 2540 434 2610 desperata
442 2540 524 2593 salute
533 2558 579 2592 sua
587 2548 613 2591 et
622 2556 746 2603 suorum,
756 2557 815 2591 con·
864 2540 913 2593 bus
924 2540 1021 2593 dicitur
1032 2542 1193 2611 absumptus.

297 2618 367 2687 [ugit
379 2617 412 2671 ad
422 2635 494 2673 aram
504 2616 578 2669 Jovis
587 2616 705 2682 Hercaei,
717 2634 777 2684 que
785 2616 814 2669 in
898 2636 956 2689 ²9¹·
969 2619 1078 2673 toton.
1087 2619 1198 2687 Minos,
1209 2623 1244 2676 ob
1251 2623 1381 2691 injuriam

298 2697 387 2752 media
398 2698 469 2768 regia
480 2706 554 2763 erat,
568 2696 613 2749 ubi
626 2714 640 2748 a
652 2694 759 2767 Pyrrho
769 2696 816 2747 ob·
865 2710 999 2767 acceptam
1010 2720 1025 2753 a
1037 2700 1165 2769 Dedalo,
1177 2700 1328 2775 labyrintho
1335 2704 1382 2758 fa-

297 2788 436 2833 truncatus
452 2788 492 2832 cst
511 2799 518 2835 :
534 2776 600 2831 nihil
620 2776 695 2831 enim
713 2776 816 2847 profuit
863 2777 980 2843 bricato,
998 2797 1061 2831 eum
1077 2777 1157 2833 classe
1174 2793 1325 2849 persecutus
1338 2794 1381 2837 est

303 2877 405 2911 numeu
425 2858 507 2911 Jovis.
520 2855 599 2910 Dou.
615 2854 684 2909 Vide
703 2854 815 2909 omnino
864 2853 1380 2929 adCocalumregemSiciliae,adquem

300 2936 397 3006 virgil,
414 2934 523 2989 AEneid.
537 2934 580 3001 lt,
601 2938 657 2988 51².
669 2954 726 3005 sqq.
863 2935 1029 3005 confugerat,
1035 2935 1178 3007 multisque
1184 2938 1312 3006 praetatis
1319 2960 1382 3011 ope·

333 3015 391 3081 287.
411 3014 493 3081 thue
509 3016 581 3066 dedit
593 3016 685 3067 saltus.
702 3014 815 3069 Plutar-
863 3014 936 3067 ribus
942 3013 1028 3081 editis,
1034 3014 1381 3090 illiusgratiamsibicompa·

298 3092 363 3146 chus
376 3102 509 3145 memorat
527 3090 711 3145 divinatricem
729 3113 815 3163 quan·
864 3102 968 3145 caverat
979 3111 986 3145 ι
996 3092 1203 3161 quamprimum
1211 3092 1302 3148 Minos
1314 3096 1381 3150 clas-

298 3168 360 3222 dam
369 3209 376 3234 ,
386 3168 558 3239 Aglaouicem
566 3169 688 3237 nomine,
699 3170 816 3240 Egemo-
862 3186 921 3222 sem
932 3168 1033 3239 adpulit
1043 3168 1071 3222 iu
1083 3168 1217 3237 Siciliam,
1231 3172 1380 3227 hostiliter-

297 3250 339 3303 uis
352 3246 470 3303 Thessali
486 3247 567 3301 filiam
580 3288 586 3315 ,
607 3268 690 3317 quum
705 3248 733 3302 in
746 3249 816 3304 Ossa
863 3266 915 3316 que
924 3266 1017 3317 agrum
1028 3246 1212 3318 popularetur,
1223 3248 1379 3305 Cocalusad

297 3338 390 3381 monte
408 3326 491 3380 Lunae
508 3326 592 3381 coitus
604 3328 772 3394 observaret,
784 3327 814 3381 in
863 3324 1023 3394 colloquium
1031 3346 1093 3380 eum
1103 3328 1269 3396 provocavit,
1279 3346 1381 3399 propo-

296 3406 396 3477 judicio
414 3406 584 3475 convictam,
608 3407 813 3474 amulierculis,
863 3403 1380 3474 siuspedetendiDedattTamdiuau-

296 3484 507 3537 existimantibus
526 3485 559 3537 ab
577 3504 607 3537 ea
626 3484 731 3537 Lunam
750 3484 815 3541 celo
864 3494 920 3537 tem
932 3486 1080 3553 jussiteum
1094 3487 1121 3539 in
1137 3486 1248 3541 thermis
1257 3488 1379 3543 clausum

296 3561 407 3628 deduci,
425 3564 582 3632 gravissimis
601 3562 731 3618 adfectam
748 3583 815 3634 sup·
864 3575 1017 3632 expectare,
1028 3566 1115 3636 quood
1129 3568 1268 3636 vaporibus
1279 3568 1381 3621 calida·

295 3643 399 3713 pliciis,
423 3652 452 3695 et
473 3642 504 3697 exv
526 3642 597 3697 Ossa
617 3644 814 3712 praecipitatam.
864 3662 1060 3714 rumequarum
1068 3658 1108 3700 est
1116 3649 1265 3702 exstinctus.
1279 3651 1379 3704 Exani-

297 3720 365 3776 Dus.
376 3749 410 3761 -
423 3724 450 3774 Ε
458 3740 562 3775 summa
579 3724 718 3775 Thessalus
729 3724 814 3790 Ossa.
864 3740 939 3775 mum
952 3744 1047 3793 corpus
1059 3725 1174 3779 reddidit
1184 3729 1278 3795 sociis,
1295 3729 1380 3783 adlin-

297 3802 341 3853 De
347 3819 445 3852 summo
455 3810 571 3868 quatuor
581 3799 671 3869 scripti
683 3811 709 3853 et
722 3802 814 3869 primos
864 3820 941 3855 mans
949 3821 1011 3855 eum
1020 3822 1081 3857 casu
1091 3802 1193 3872 lapsum
1204 3807 1232 3859 in
1242 3827 1323 3877 aquas
1333 3828 1381 3863 ca-

296 3879 444 3943 editionem
458 3879 495 3935 sic
503 3880 616 3935 Metam.
624 3882 665 3947 X,
681 3884 767 3935 OEtam
775 3883 815 3937 bis
863 3881 928 3934 lidos
939 3894 1076 3937 mortuum
1088 3904 1152 3939 esse.

296 3954 443 4010 masculino
455 3976 552 4025 genere
564 3957 644 4024 dixit,
661 3970 689 4011 ut
703 3958 730 4027 ip
745 3958 815 4027 opti·
897 3962 955 4031 ²93·
977 3963 1059 4031 thue
1074 3983 1167 4030 paruus
1187 3969 1265 4018 urrist.
1287 3966 1381 4020 Scribe

296 4036 347 4087 mis
366 4045 404 4087 est
422 4034 573 4101 codicibus,
590 4048 617 4089 et
634 4047 692 4089 tum
705 4042 815 4103 remores
863 4034 973 4102 usrb','et
985 4039 1057 4093 refer
1069 4042 1101 4093 ad
1115 4046 1140 4096 u*
1151 4048 1283 4109 sauguine.
1298 4044 1336 4097 Η.
1345 4072 1380 4085 -··

297 4112 510 4183 subintelligitur.
523 4114 567 4167 Sic
582 4116 676 4183 Orhrys
684 4136 717 4187 ap
737 4118 815 4171 Gre-
862 4117 975 4183 Impune,
984 4120 1153 4174 Prometheus.
1162 4120 1350 4189 Prometheus,
1362 4141 1379 4176 a

297 4210 342 4244 cos
355 4189 479 4243 feminini
494 4192 598 4261 generis
610 4204 664 4260 est,
678 4193 816 4249 masculini
864 4192 985 4248 Vulcano
996 4196 1120 4266 religatus
1131 4198 1159 4251 in
1168 4198 1287 4253 Caucaso
1296 4219 1379 4253 mon·

297 4268 367 4336 apud
382 4268 527 4325 Romanos.
545 4270 646 4324 Huius.
863 4284 904 4342 te,
914 4278 994 4344 pascit
1001 4278 1378 4348 aquilamzquoniemetolim
