3017 5000
263 454 323 519 108
594 454 633 517 P.
663 452 845 521 OVIDII
869 452 1004 519 VITA

253 609 346 679 nent,
365 590 565 686 eligerentur
581 622 600 667 1
618 594 886 687 magistratibus,
903 622 921 667 e
940 591 1063 692 quibus
1080 590 1209 665 tribuni
1223 589 1341 691 plebis

255 723 489 807 senatoresque
501 706 633 795 fierent,
655 709 713 809 qui
727 724 822 803 gesto
833 706 1006 783 tribunatu
1019 723 1078 780 aut
1088 705 1269 779 retinerent
1281 732 1341 778 se-

253 822 422 895 natorium
436 823 587 898 ordinem
598 826 626 898 si
636 825 778 913 vellent,
798 841 858 897 aut
870 824 988 897 iterum
1005 822 1153 897 redirent
1163 822 1203 895 ad
1214 849 1339 922 eques-

254 952 338 1011 trem
357 946 379 1009 ¹.
404 940 479 1012 Jam
497 957 607 1013 autem
623 958 739 1014 noster
754 968 794 1013 11
811 938 983 1039 equitibus
999 937 1185 1023 illustribus,
1210 936 1238 1010 si
1256 935 1338 1037 quis

253 1078 418 1151 unquam,
435 1051 592 1154 pluribus
608 1075 684 1130 ante
693 1054 885 1157 praedictam
898 1053 1044 1150 Augusti
1059 1050 1164 1146 legem
1181 1050 1277 1125 annis
1289 1050 1339 1123 la-

252 1168 402 1243 ticlaviam
422 1169 584 1245 induerat.
604 1171 679 1245 Alia
694 1171 836 1274 proinde
852 1170 938 1245 11111Ι
957 1168 1143 1271 quaerenda.

304 1283 525 1359 Casaubonus
543 1296 555 1325 ²
571 1305 681 1361 autem
696 1288 804 1363 lassus
817 1286 884 1360 sibi
897 1286 1139 1387 incompertum
1156 1310 1246 1370 esse,
1263 1310 1337 1382 quo

256 1415 405 1500 tempore
430 1404 568 1505 roeperit
594 1434 670 1479 mos
694 1404 750 1477 ille
777 1404 880 1479 latum
903 1403 1032 1477 clavum
1055 1430 1132 1475 curu
1149 1398 1236 1474 virili
1255 1416 1340 1493 toga

256 1519 429 1607 sumendi,
448 1520 601 1596 adfirmat
615 1512 1339 1615 11111εηὶ111111111111111,111111111111111

255 1632 390 1725 solitum
405 1637 453 1713 ‚iu
480 1637 745 1738 splendidiorum
768 1639 919 1738 equitum
941 1635 1081 1723 liberis,
1108 1653 1208 1735 atque
1229 1631 1339 1705 11111-

256 1779 356 1845 guere
375 1750 469 1852 quod
488 1752 631 1827 Ovidius
656 1754 696 1827 de
722 1781 758 1827 se
782 1754 992 1841 narratum,
1011 1778 1110 1852 qoem
1132 1767 1336 1834 tractamus,

255 1864 338 1939 loeo.
355 1901 371 1931 «ι
388 1869 508 1965 Quod,
525 1868 589 1954 ait,
608 1870 731 1945 sactum
746 1898 816 1945 esse
829 1888 957 1944 eertum
970 1887 1022 1943 est
1034 1868 1134 1941 tertio
1147 1862 1196 1939 vel
1212 1879 1336 1964 quarto

258 2016 275 2047 1
293 2012 381 2057 anno
407 1986 536 2059 circiter
560 2004 641 2088 post
665 1986 810 2081 Augusti
827 1986 864 2059 in
886 1986 1005 2061 urbem
1027 1982 1172 2059 reditum
1197 2011 1217 2054 a
1241 1979 1339 2053 victo

257 2133 274 2165 »
294 2104 445 2176 Antonio
458 2160 467 2191 ,
479 2137 506 2170 .»
525 2104 559 2177 id
578 2122 646 2192 ost,
664 2134 753 2179 anno
771 2107 814 2178 U.
833 2105 872 2179 C.
890 2122 1079 2190 nccxxvn,
1096 2102 1147 2175 vel
1162 2115 1335 2201 sequente.

255 2219 342 2293 Dein
358 2220 450 2294 addit
466 2252 473 2294 :
497 2256 514 2287 «
530 2221 606 2295 Sive
618 2250 658 2295 er
671 2221 819 2316 Augusti
836 2220 1093 2306 constitutione,
1112 2217 1180 2293 sive
1193 2244 1232 2290 11
1245 2212 1338 2299 alius

258 2336 505 2436 »imperatoris
528 2338 764 2425 innovatione,
788 2366 858 2410 non
876 2338 923 2409 ita
940 2334 1006 2409 fuit
1028 2334 1094 2407 hoe
1116 2335 1170 2432 jus
1187 2334 1338 2433 promis-

258 2486 275 2518 »
296 2482 411 2542 cuum,
424 2472 462 2528 ut
474 2455 544 2529 sine
555 2454 747 2550 cognitione
760 2454 924 2556 principis
935 2454 1091 2554 usurpari
1102 2470 1219 2556 posset
1230 2452 1339 2554 :quin

257 2607 274 2636 »
295 2590 407 2673 patres
427 2572 462 2646 id
481 2574 522 2647 ab
541 2601 580 2646 eo
598 2572 711 2648 liberis
728 2573 819 2661 suis,
843 2602 928 2675 quos
953 2571 1167 2647 destinabant
1186 2571 1338 2673 reipubl.

258 2723 275 2752 ¹>
296 2689 601 2776 administrationi,
627 2690 797 2791 petebant.
819 2722 836 2754 »
858 2689 913 2762 Ad
930 2688 1077 2763 eamdem
1095 2689 1257 2791 principis
1277 2689 1343 2761 iu·

255 2805 460 2902 dulgentiam
481 2806 538 2880 alii
560 2836 694 2909 quoqne
720 2804 810 2880 docti
837 2804 901 2878 viri
920 2803 932 2842 ³
951 2804 1030 2879 huie
1054 2805 1148 2880 nodo
1172 2804 1342 2881 solvendo

255 2941 448 3009 recurrunt,
468 2949 650 3022 omnesque
664 2921 807 2995 Statium
816 2948 883 3021 prae
896 2919 1184 3021 primis'advneaut
1199 2936 1315 2995 testem
1324 2977 1343 3007 ,

256 3039 314 3139 qui
330 3036 389 3111 lib.
408 3040 468 3126 IV,
486 3036 675 3138 sytv.v1n‚
696 3038 761 3124 ait,
780 3064 864 3111 vers.
886 3033 1023 3136 59-62:

437 3191 545 3261 Quippe
557 3201 584 3246 et
596 3211 658 3262 opes
670 3202 696 3244 et
707 3192 783 3260 origo
794 3192 903 3260 sinunt,
916 3192 965 3247 lrac
976 3193 987 3228 ⁴
999 3192 1121 3262 lampade
1132 3191 1227 3262 prima·

437 3283 670 3338 Patritias'intrare
682 3282 767 3349 sores,
779 3283 831 3338 hoc
841 3283 911 3354 pube
922 3284 972 3338 sub
983 3284 1052 3354 ipsa,

436 3373 464 3427 Si
478 3373 559 3426 modo
571 3393 655 3443 prona
666 3373 741 3456 bonis
753 3373 844 3427 invicti
857 3371 968 3427 Caesaris
980 3372 1067 3427 adsint

348 3463 349 3466 ’
437 3465 572 3533 Numina,
586 3463 712 3520 Romulei
722 3464 805 3518 limen
818 3465 921 3535 pulsare
932 3475 1045 3521 senatus.

289 3621 297 3648 ¹
312 3613 374 3666 Vid.
386 3615 467 3668 Dion.
480 3614 523 3670 lib.
534 3617 608 3682 LIV,
622 3635 680 3685 pag.
695 3619 742 3684 542
756 3627 783 3670 et
797 3617 853 3684 543.

287 3701 300 3730 ²
315 3699 378 3753 Not.
390 3699 418 3752 in
432 3699 507 3753 Suet.
520 3699 589 3769 Aug.
603 3719 658 3770 cap.
671 3701 710 3754 38.

287 3784 298 3818 ³
314 3784 416 3840 Theod,
430 3785 532 3839 Marcil.
544 3797 599 3838 not.
611 3785 639 3839 in
653 3785 765 3840 Sueton.
780 3789 888 3856 Vespas.
901 3807 957 3856 cap.
970 3808 1003 3852 ²3
1018 3786 1119 3841 Albert.
1134 3787 1239 3842 Ruben.
1248 3785 1280 3840 de
1292 3788 1342 3841 Re

255 3872 358 3926 vestiar.
371 3871 414 3926 lib.
426 3872 455 3938 1,
469 3891 524 3942 cap.
540 3873 584 3938 ¹4³
599 3869 692 3924 Octav.
707 3871 812 3925 Ferrar.
825 3873 942 3926 Analect
954 3893 1009 3944 cap.
1021 3893 1061 3926 ao.

289 3957 301 3993 ⁴
318 3955 363 4010 Sic
380 3957 473 4010 lerunt
489 3955 559 4025 vulg.
571 3953 629 4008 cod.
642 3966 668 4008 at
684 3953 857 4010 Casaubonus
872 3957 920 4008 hos
936 3955 1014 4026 legit,
1029 3954 1067 4009 uti
1080 3966 1107 4009 11
1119 3975 1197 4010 versu
1212 3974 1266 4024 seq.
1287 3975 1347 4024 pro

255 4043 312 4094 hoc.
325 4038 465 4094 Gerartius
477 4058 542 4092 vero
554 4041 622 4090 hanc
633 4049 661 4092 et
670 4043 716 4093 hos
729 4039 857 4103 restituit;
867 4038 938 4108 quod
950 4059 1063 4110 magnus
1075 4041 1104 4094 in
1117 4061 1145 4094 re
1158 4039 1246 4095 critica
1256 4039 1345 4112 judex

258 4121 299 4176 cl.
312 4122 390 4175 Joan.
402 4121 474 4176 Frid.
486 4121 657 4191 Gronovius,
667 4121 788 4176 Diatribe
802 4121 831 4175 in
843 4121 910 4176 Stat.
921 4143 947 4193 p.
960 4125 1008 4177 288
1017 4123 1173 4192 ..probat-it,
1186 4123 1226 4177 uti
1237 4134 1265 4176 et
1273 4123 1343 4178 Alb.

258 4207 364 4262 Ruben.
378 4208 421 4262 lib.
435 4209 465 4273 1,
479 4226 534 4278 cap.
551 4209 581 4274 14
594 4226 601 4259 1
613 4205 754 4262 Gerartius
766 4205 818 4261 scil.
831 4206 935 4262 censuit
943 4247 952 4276 ,
962 4207 1077 4262 Statium
1086 4205 1136 4262 lrac
1142 4207 1223 4279 Sylva
1230 4207 1347 4263 Mene-
