3017 5000
450 444 551 518 Pet
575 446 608 509 J.
635 443 861 513 Mussox.
1140 448 1200 513 123

135 588 242 685 itaque
257 584 349 662 hand
362 584 434 667 sint
447 584 577 667 tutione
588 584 688 666 nobis
703 584 855 657 videmus
867 584 1056 659 existimare
1066 641 1076 673 ,
1086 585 1205 659 trium-

136 700 267 774 riratum
285 699 376 775 houd
395 716 470 775 unte
488 701 553 775 hos
571 699 742 789 eonsules,
763 699 888 801 quibus
904 727 1028 775 annum
1042 702 1147 775 atatis
1159 720 1207 774 xx

131 814 321 916 adimplevit
340 816 506 905 Ovidius,
524 816 568 893 ab
588 846 627 893 eo
648 834 842 918 susceptum
857 846 938 893 esse.
956 820 1026 891 Nee
1041 819 1129 893 euim
1147 848 1208 893 au-

132 930 269 1007 diendus
284 950 336 1015 est
352 932 508 1033 Lipsius,
526 934 585 1034 qui
602 962 642 1009 ex
660 934 774 1035 priore
795 933 919 1009 Diouis
935 933 1012 1009 loeo
1033 951 1206 1019 autumat,

130 1045 302 1121 institutos
319 1073 389 1121 esse
408 1068 456 1121 xx
472 1046 560 1123 viros
577 1046 619 1124 ab
642 1050 816 1143 Angusto,
833 1076 940 1148 quum
965 1066 1061 1123 nnten
1085 1044 1204 1143 viginti

130 1190 182 1237 sex
198 1178 330 1249 essent,
350 1190 438 1235 anno
456 1166 500 1235 U.
520 1164 558 1238 C.
579 1181 708 1239 uccxtl
722 1194 729 1237 :
745 1163 910 1265 siqnidem
922 1164 990 1239 hoe
1005 1192 1076 1237 non
1089 1163 1206 1237 scribit

130 1278 211 1365 Dio,
228 1305 340 1377 neque
358 1279 477 1353 exinde
494 1278 668 1380 sequitur,
686 1280 779 1380 quod
794 1278 851 1354 ille
866 1279 909 1353 nd
927 1308 1003 1354 eum
1019 1306 1143 1354 annum
1152 1278 1208 1353 fu·

129 1394 193 1475 sius
210 1394 354 1483 dixerit,
371 1396 430 1495 qui
444 1396 568 1473 fuerint
585 1416 632 1471 xx
647 1396 718 1475 riri.
735 1398 830 1493 Quin
846 1397 942 1475 etiam
958 1396 1048 1471 houd
1064 1396 1207 1470 obscure

128 1511 256 1603 innuit,
286 1533 335 1589 xx
357 1514 447 1589 viros
465 1514 530 1613 jam
548 1532 625 1589 ante
641 1512 847 1597 constitutos
866 1514 988 1601 suisne,
1008 1542 1107 1615 quom
1122 1510 1206 1587 illud

127 1624 215 1701 {ieret
232 1627 581 1715 senatusconsultum,
598 1629 693 1727 cujus
710 1629 883 1707 occasione
895 1628 937 1703 de
953 1626 1020 1703 iltis
1035 1626 1205 1729 loquitur;

127 1741 280 1845 idemque
293 1742 415 1819 diserte
428 1742 603 1827 confirmet
617 1774 694 1827 mor
712 1745 855 1834 addente,
866 1747 936 1850 jum
947 1761 1020 1819 nete
1031 1745 1208 1844 subrogatos

118 1857 216 1955 forise
228 1886 288 1936 sex
298 1858 401 1949 alios,
416 1860 474 1961 qui
484 1860 565 1935 olim
575 1861 692 1956 viginti
704 1889 763 1940 sex
773 1862 922 1939 virorum
931 1887 1107 1935 numerum
1117 1888 1208 1934 eom-

129 1976 283 2077 plebant‚
300 1977 363 2051 duo
378 1979 536 2059 nimirum
552 1979 590 2065 ii,
608 1980 663 2080 qni
675 1979 747 2057 vim
762 1994 854 2062 extra
866 1978 971 2061 urbem
988 1976 1137 2051 cumbffll
1150 2035 1160 2062 9
1179 1989 1211 2048 ⁶¹

52 2082 55 2089 ’
130 2109 266 2193 quotuor,
284 2094 337 2195 qni
352 2095 383 2168 in
404 2093 607 2195 &apertum
619 2096 823 2173 mediabuntur.

174 2210 333 2298 Cressius
346 2211 454 2290 adhue
468 2231 556 2288 errat
568 2212 715 2297 Siommn
731 2220 760 2299 ¹,
776 2238 881 2311 quum
897 2238 937 2286 ex
953 2207 1068 2285 eodem
1086 2207 1209 2281 Dionis

128 2322 198 2404 loro
218 2327 324 2415 eruit,
351 2349 398 2408 xx
415 2328 503 2405 viros
522 2329 653 2410 demum
667 2338 754 2413 'anno
772 2331 815 2409 U.
832 2328 870 2401 C.
891 2342 1042 2413 occul,
1060 2342 1208 2409 senatus·

131 2441 284 2518 consulto
300 2471 339 2517 er
351 2444 523 2546 equitibus
539 2442 661 2520 electos
678 2474 767 2533 esse,
782 2472 887 2546 quum
897 2443 1044 2545 primum
1057 2470 1097 2518 ox
1110 2439 1210 2543 plebe

130 2559 342 2658 potissimum
366 2579 579 2639 crearentur:
600 2563 695 2664 quasi
721 2590 800 2644 vero
827 2561 895 2639 Dio
918 2559 1141 2656 significaret,
1163 2579 1209 2632 xx

131 2675 216 2750 riros
234 2677 279 2751 ab
300 2706 340 2752 eo
357 2706 445 2752 anno
464 2679 659 2781 copiose-01
676 2677 758 2752 solis
776 2677 948 2779 equitibus
963 2675 1086 2750 creari!
1113 2677 1208 2747 Hane

132 2811 213 2867 certe
231 2791 541 2900 interpretationem
559 2795 733 2875 confutant
756 2822 826 2866 non
847 2792 950 2866 modo
968 2790 1052 2878 alia,
1077 2820 1151 2891 que
1168 2820 1207 2866 ex

132 2908 272 3010 ipsomet
284 2911 395 2985 Dione
409 2931 441 2987 et
453 2911 570 2987 Tacito
578 2913 646 3010 jem
660 2909 881 3012 protulimus,
893 2909 952 2984 sed
962 2911 1104 3011 ipsemet
1112 2909 1207 2986 loeus

132 3026 205 3100 ael.
225 3028 300 3102 viro
316 3028 351 3102 in
368 3059 466 3106 suurn
486 3031 678 3137 presidium
697 3030 894 3118 advocatum
912 3028 1075 3129 siquidem
1089 3027 1208 3101 exinde

132 3145 255 3221 clarum
274 3166 344 3233 est,
362 3170 410 3222 xx
425 3149 516 3225 viros
534 3177 574 3228 eo
591 3177 681 3228 anun
696 3147 735 3222 e'x
749 3147 921 3244 equitibus
936 3145 1040 3220 fnisse
1054 3145 1207 3240 designe-

133 3281 199 3350 tos·‚
219 3265 266 3342 ob
284 3263 370 3340 hane
388 3282 517 3350 tuntum
533 3265 714 3352 rationem,
735 3263 827 3364 quod
845 3280 916 3346 tum
931 3291 1018 3340 nereo
1039 3278 1131 3347 osset,
1155 3263 1210 3365 qui

132 3393 234 3474 sponte
259 3395 465 3464 reuocentur
483 3407 547 3465 esse
568 3381 673 3458 vetet.
696 3369 860 3479 Adeoque
882 3375 1206 3458 senatusconsultum

134 3513 208 3578 tnnc
228 3496 389 3602 temporis
404 3495 545 3582 sectum,
562 3495 710 3570 nonfuit
724 3493 971 3606 perpetuata,
989 3522 1055 3594 qua
1072 3493 1107 3571 in
1125 3521 1204 3595 pos·

134 3629 235 3690 terum
255 3633 303 3700 xx
317 3613 380 3698 viri
399 3641 438 3690 ex
454 3611 624 3714 equitibus
638 3629 748 3688 essent
761 3609 974 3697 desumendi;
991 3610 1205 3711 quemadmo-

133 3726 209 3804 dum
225 3728 366 3830 insuper
389 3727 568 3807 innumere
593 3725 819 3811 demonstrant
840 3724 989 3826 lapidum
1011 3724 1205 3826 inscriptio-

131 3869 209 3930 nes,
232 3841 358 3943 quibus
387 3863 410 3920 x
433 3843 558 3918 viratus
575 3839 725 3917 stlitibus
745 3839 952 3938 judicandis,
978 3868 1056 3941 pars
1080 3840 1205 3917 scilieet

135 3975 181 4030 xx
195 3958 339 4048 viratus,
358 3958 434 4060 ipso
450 3959 598 4034 Siccama
615 3957 812 4046 confitente,
833 3974 1019 4044 recensetur
1037 3957 1125 4033 inter
1140 3956 1206 4032 ho-

133 4101 226 4150 nores
244 4076 471 4151 consularium
497 4077 664 4163 virorum,
684 4105 770 4176 quos
789 4103 904 4152 omnes
927 4105 965 4151 ex
982 4074 1153 4176 equitibus
1170 4075 1205 4145 in

168 4222 175 4251 ¹
192 4221 231 4276 De
245 4222 414 4278 centumvir.
427 4221 547 4288 Judieio,
562 4221 645 4288 dib-l,
660 4241 715 4292 cop.
726 4243 749 4295 9.
