3017 5000
331 460 393 551 ¹94
662 461 701 524 r.
732 458 916 526 0v1u11
942 458 1072 525 vrrs

491 598 538 653 ttta
550 597 658 667 quidem
671 598 759 653 fateor
767 598 863 653 frontis
873 616 929 652 nort
940 616 995 653 esse
1006 615 1103 653 sereres

520 691 639 761 Scripta,
652 702 700 745 ete

324 807 476 887 Tandem
492 836 572 883 vers.
593 807 664 900 345
685 838 773 909 sqq:

490 956 556 1013 Haec
568 956 614 1010 tibi
627 974 670 1011 rue
681 955 797 1011 invisum
809 954 910 1010 taetri·
920 954 1001 1020 lecit,
1013 955 1052 1013 ob.
1063 956 1156 1017 Artes,

522 1048 597 1117 Quas
610 1058 680 1101 ratus
691 1066 734 1113 es,
746 1046 841 1101 vetitos
851 1046 999 1101 sollicitasse
1014 1057 1093 1103 toros
1122 1060 1127 1067 '

490 1138 545 1193 sed
557 1157 645 1207 neque
658 1157 700 1190 mr
715 1148 804 1207 nuptae
814 1137 965 1193 didicerunt
978 1139 1050 1191 lnrta
1061 1140 1205 1208 magistro:

482 1218 485 1227 ¹
521 1230 657 1300 Quodque
671 1250 765 1299 purum
776 1230 867 1298 novit,
881 1250 962 1283 uerno
974 1231 1069 1284 docere
1081 1240 1174 1301 potest.

490 1324 534 1377 Sic
546 1340 595 1392 ego
607 1322 728 1395 deliciap,
741 1333 768 1376 et
779 1321 870 1375 mollia
880 1322 999 1376 carmina
1008 1321 1077 1387 leci,

521 1413 665 1471 strinxerit
676 1425 706 1469 ut
718 1434 819 1469 nomeu
829 1411 918 1469 nbuta
927 1412 1000 1468 nulla
1010 1432 1111 1469 mum.

490 1507 546 1559 Nec
557 1510 688 1575 quisquam
699 1516 738 1559 est
752 1506 819 1559 adeo
830 1505 918 1559 media
931 1506 964 1559 de
977 1506 1052 1577 plebe
1063 1504 1185 1566 naritus.

520 1597 560 1649 Ut
569 1600 661 1649 dubins
673 1597 737 1653 vitio
747 1597 782 1651 sit
788 1607 864 1664 pater
874 1596 916 1651 ille
928 1616 999 1651 meo.

487 1686 576 1741 Crede
591 1686 657 1741 mihi
668 1710 675 1751 ;
687 1708 769 1741 mores
777 1687 877 1742 distant
889 1708 904 1741 a
915 1692 1029 1741 camr‘rre
1037 1696 1147 1742 nostro:

442 1834 448 1844 ,
524 1782 587 1835 Vita
597 1784 735 1835 uerecunda
746 1790 804 1846 est,
819 1782 898 1835 Musa
909 1781 997 1848 iocosa
1007 1778 1090 1846 milri,
1103 1788 1153 1833 ete

369 1898 427 1971 VI.
447 1896 514 1973 Sed
529 1898 595 1997 jam
619 1900 698 1971 satis
720 1899 761 1972 de
783 1916 897 1975 ciust
918 1918 1043 1972 roenu
1064 1897 1226 1985 diximus,
1251 1926 1344 1973 nunc
1364 1900 1406 1973 de

320 2035 464 2090 uenere
482 2014 627 2112 ejusdem
645 2042 751 2115 pauca
767 2015 907 2088 reuiuut
923 2013 1222 2089 animadvertenda.
1238 2014 1407 2111 Quamvis

319 2149 429 2207 autem
447 2160 482 2206 se
500 2132 623 2235 passim
645 2150 833 2214 exsultem,
861 2133 953 2205 acin
974 2151 1150 2207 exsttttm
1174 2158 1245 2206 esse
1259 2133 1404 2206 missum

320 2248 430 2336 dicat3
456 2266 600 2342 attamen
617 2268 708 2325 cavet
725 2278 767 2325 ue
784 2249 976 2339 credamus,
1001 2280 1077 2325 eum
1103 2248 1238 2353 proprie
1261 2250 1405 2322 exsulem

317 2363 421 2437 luisse
433 2420 442 2451 ,
455 2394 559 2464 quum
569 2365 717 2460 Augusti
731 2364 842 2439 edictu
856 2383 1209 2442 ltEthttttTttstuutum
1222 2362 1403 2437 diceretur.

318 2484 405 2556 Rern
422 2501 594 2570 accurate,
612 2482 715 2556 Trist.
745 2480 804 2556 lib.
832 2484 887 2567 ll,
917 2484 1152 2586 prosequitur,
1169 2480 1230 2555 ubi
1254 2479 1404 2581 primurn

321 2599 460 2673 Caesaris
472 2597 680 2673 clementiam
690 2597 823 2688 laudat,
837 2629 902 2702 qua
916 2600 982 2673 sibi
996 2601 1063 2674 vita
1076 2627 1147 2672 nou
1160 2597 1263 2671 luerit
1275 2612 1405 2697 erepta,

318 2743 401 2788 vers.
427 2715 608 2788 125-128:

490 2845 576 2916 Cujus
587 2847 616 2899 iu
627 2857 726 2900 eventu
734 2867 817 2915 pase
826 2851 961 2901 clementia
971 2857 1045 2900 tunt·
1054 2857 1109 2912 ed,

521 2939 561 2992 Ut
572 2937 654 2993 luerit
667 2949 758 2992 nostro
769 2939 856 2998 leuior
867 2939 910 3014 ille
921 2951 1004 2997 metu.

489 3033 551 3084 Vna
567 3029 627 3084 data
640 3041 694 3097 est,
709 3033 827 3102 citraque
839 3051 933 3084 necem
946 3042 992 3085 tua
1002 3031 1118 3085 constitit
1131 3030 1186 3098 ira,

517 3121 544 3175 0
556 3119 678 3192 princeps
691 3139 767 3191 parce
782 3122 881 3175 viribus
894 3141 939 3176 use
952 3120 1019 3175 tuis!

321 3243 416 3316 Hauc
428 3259 537 3315 tumen
553 3239 685 3315 laudem
696 3271 768 3315 nou
778 3269 894 3343 parum
908 3242 1048 3332 minuit,
1068 3243 1159 3345 quod
1172 3243 1313 3343 ipsemet
1328 3247 1399 3336 ait,

266 3459 270 3466 ι
320 3385 403 3432 vers.
428 3356 495 3458 193
514 3376 547 3430 et
571 3359 638 3458 194
654 3387 662 3430 ε

487 3502 635 3574 Quumque
648 3503 690 3556 atti
702 3502 834 3560 reusetibi
846 3503 898 3560 sint
909 3504 1029 3576 graviore
1041 3503 1137 3576 fugati,

519 3596 640 3649 Ulterior
651 3595 735 3660 nulli,
749 3615 829 3664 quarn
840 3596 922 3663 milri,
935 3606 1006 3649 terra
1020 3596 1080 3650 deta
1088 3607 1136 3657 est.

320 3717 415 3813 Quin
434 3717 533 3794 etiam
551 3715 696 3810 Augusti
715 3713 889 3790 clementia
903 3714 1013 3813 major¹
1024 3715 1089 3790 luit
1105 3715 1140 3790 iu
1158 3715 1208 3794 D·
1229 3711 1398 3804 Silanum,

322 3832 378 3933 qui
397 3833 427 3904 in
443 3821 548 3905 uerit
566 3831 710 3930 Augusti
728 3830 866 3916 adulter,
886 3858 1058 3932 quanquam
1074 3858 1134 3903 uon
1152 3833 1234 3904 ultra
1237 3831 1329 3930 sorel
1342 3861 1405 3906 sa·

321 3948 432 4034 situm,
458 3975 550 4049 quarn
565 3961 600 4018 ut
615 3944 747 4021 mnicin'a
773 3945 909 4026 Casura's
923 3945 1156 4046 prnhr'bcretur,
1179 3948 1324 4022 exsr'lritm
1344 3950 1408 4023 sibi

321 4065 492 4150 intellexit,
512 4079 667 4136 narrante
683 4063 801 4138 Tacito
819 4073 828 4102 ¹
842 4092 851 4151 3
871 4092 974 4163 quum
990 4082 1067 4139 aute
1084 4064 1241 4154 dixisset,
1258 4067 1402 4164 Augus-

353 4232 362 4264 ¹
380 4226 477 4285 Annat.
489 4226 533 4280 lib.
546 4225 603 4293 lll,
613 4245 668 4296 cap.
681 4229 720 4292 ²4·
