3017 5000
471 451 567 517 run
592 452 625 517 J.
652 450 883 520 crasson.
1176 478 1217 546 91

41 206 42 247 p

41 258 42 305 t

187 592 370 679 Attamen,
390 590 482 693 quod
500 591 594 691 prius
609 590 699 666 haud
716 591 870 666 invalidis
886 590 1105 693 probaveram
1121 618 1221 689 argu·

41 776 42 787 ,
142 710 279 797 mentis,
295 708 330 782 id
347 708 459 809 ipsum
473 708 612 783 biennio
629 708 760 785 circiter
772 726 854 810 post
868 708 951 783 meis
968 707 1073 783 oeulis
1089 709 1223 785 demon-

143 826 258 901 suavit
272 825 413 928 ipsemet
426 854 582 903 nummus
595 829 710 903 Romae
720 826 908 929 inspectus,
925 825 1225 923 etdiligeotertra·

41 1226 43 1307 l

41 1408 43 1485 l

41 1694 42 1729 l

144 958 251 1015 cutus
270 939 417 1015 :scilicet
443 941 559 1015 eodem
585 940 742 1043 primitus
764 944 877 1017 Ventt
905 970 1028 1015 nomen
1055 942 1223 1037 signatum

143 1052 262 1139 luisse,
287 1083 357 1129 non
383 1084 461 1128 vero
489 1057 621 1137 „Ovtltlt
646 1058 816 1131 anottts.
841 1056 945 1153 Quod
963 1056 1019 1130 bic
1035 1056 1224 1145 monuisse,

144 1172 220 1245 satis
231 1170 348 1259 fuerit,
363 1200 466 1272 quum
478 1170 664 1269 longiorem
673 1173 735 1247 bac
749 1172 789 1247 de
799 1201 836 1247 re
848 1173 1117 1274 disquisitionem
1132 1173 1225 1275 operi

141 1288 306 1388 praefixam
321 1288 429 1362 lector
444 1288 574 1362 babeat.

149 1418 152 1425 ’
185 1408 232 1479 ll.
245 1406 447 1481 Nominibus
460 1424 567 1509 poetae
576 1406 619 1481 N.
635 1404 872 1506 subjungenda¹
882 1405 973 1479 venit
984 1405 1056 1504 ejus
1071 1423 1222 1493 carmi,

142 1541 177 1597 ut
194 1525 372 1625 ipsiusmet
390 1524 584 1601 methodum
600 1552 797 1625 sequamur:
812 1551 906 1598 suam
921 1525 1009 1601 euim
1023 1526 1125 1601 dmm
1141 1523 1221 1626 pin-

143 1666 242 1733 gens,
262 1640 311 1714 sic
326 1640 480 1728 orditur,
498 1640 602 1715 Trist
621 1638 682 1713 lib
701 1641 761 1727 IV,
780 1638 876 1735 Eteg.
891 1660 938 1713 x:

305 1786 353 1842 llle
367 1806 434 1858 ego,
448 1787 493 1859 qui
506 1788 604 1842 luerim
612 1827 623 1855 ,
636 1800 791 1843 teucrorum
804 1787 878 1843 lusor
887 1807 1027 1857 amorum,

342 1877 435 1947 Quem
448 1878 524 1948 legis,
538 1889 569 1933 ut
582 1879 670 1945 noris,
686 1878 776 1947 accipe
787 1918 796 1945 ‚
809 1879 955 1947 posteritas.

305 1966 409 2023 Seno
424 1968 490 2023 indui
502 1969 616 2023 Parnm
626 1980 682 2032 est,
697 1968 788 2039 gelidis
802 1970 953 2024 uberrimus
964 1969 1058 2039 undis,

344 2058 431 2113 Millia
443 2062 488 2130 qui
500 2061 591 2115 novies
603 2060 682 2115 distat
696 2062 727 2115 ab
741 2061 818 2116 Urbe
829 2059 930 2115 decem.

305 2149 402 2205 Editu's
412 2152 455 2206 bic
467 2171 517 2222 ego
531 2170 600 2206 sum.

41 2326 43 2337 .
144 2267 230 2341 Idem
249 2284 287 2341 et
301 2268 340 2340 iu
356 2267 486 2357 Fastis,
505 2267 564 2343 lib.
584 2270 644 2355 lV,
663 2296 710 2342 vs
727 2266 838 2369 79-81
852 2324 863 2355 ‚
881 2284 1041 2356 testatur,
1059 2266 1226 2369 simulque

41 2364 43 2437 l
144 2383 255 2485 patria
274 2382 484 2459 conditorem
500 2382 803 2491 indicatSolynnmn
823 2392 858 2473 ¹,
878 2384 937 2485 qui
952 2402 1048 2485 capta
1059 2384 1161 2485 Troja
1176 2414 1228 2460 co

144 2501 278 2578 miurus
295 2519 347 2576 est
363 2498 539 2577 Aduena.-

307 2649 398 2719 Hujus
412 2659 470 2703 erat
481 2647 617 2706 Somnus
630 2647 747 2722 Phrygia
759 2667 849 2702 eomes
860 2647 933 2702 exsul
946 2647 979 2702 ab
992 2647 1055 2703 lda:

345 2742 371 2794 A
383 2760 436 2810 quo
449 2739 598 2796 Summus
612 2740 710 2793 moenia
721 2759 823 2793 nomen
835 2739 943 2794 babent.

309 2831 459 2886 Suumoetts
470 2829 550 2900 gelidi
562 2831 670 2900 patriae,
693 2829 853 2886 Gennanice
865 2871 873 2900 ‚
889 2841 995 2886 msere.

146 2951 306 3027 Eamdem
321 2949 417 3026 urbis
432 2950 595 3046 originem
609 2949 709 3023 Silius
725 2949 859 3024 Itab'cus
870 2967 967 3024 notat
977 2948 1037 3023 lib.
1051 2951 1102 3023 IX
1114 2948 1154 3024 de
1168 2946 1227 3022 Sa·

146 3069 213 3143 tn‘co
229 3067 398 3170 loquens,
415 3067 485 3141 cive
506 3065 746 3141 Subnoncnse:

308 3216 383 3270 Huic
395 3215 509 3282 domus,
523 3225 550 3268 et
563 3213 663 3286 gemini
675 3213 785 3268 lucrant
794 3215 912 3268 Sulmm
921 3212 1005 3270 relicti

309 3305 406 3360 Matris
416 3307 445 3359 in
455 3305 580 3360 uberibus
589 3303 663 3368 nati;
676 3303 834 3371 Mancinus,
848 3315 876 3358 et
886 3323 940 3356 una

307 3397 427 3453 Nomine
439 3397 547 3451 Rbeteo
557 3399 673 3469 Solymus
682 3415 691 3450 .·
700 3415 767 3450 nam
779 3393 906 3449 Dardana
917 3393 1010 3464 origo,

304 3489 342 3544 Et
356 3489 474 3561 Phrygio
485 3508 570 3560 genus
585 3509 600 3543 a
611 3507 728 3558 proavo,
743 3489 789 3558 qui
801 3497 904 3556 secptra
912 3495 1018 3542 secutus

306 3581 403 3636 AEneoe
413 3585 511 3636 claram
525 3581 609 3636 muris
621 3580 782 3636 fundaverat
792 3581 892 3644 urbem,

311 3673 352 3726 Ex
364 3692 419 3728 sese
432 3670 532 3727 dictam
545 3671 700 3738 Seouerou,
712 3667 842 3725 celebrata
853 3667 969 3724 colonis:

310 3763 378 3817 Mox
392 3761 464 3818 Italis
476 3762 603 3834 paulatim
616 3761 707 3816 attrito
719 3759 830 3816 nomine
842 3763 935 3816 Sulmo.

146 3882 227 3983 Ejus
243 3881 368 3969 sitnm,
398 3880 621 3955 amenitatem
647 3876 919 3980 fertilitatemque
937 3876 1093 3979 graphice
1111 3891 1226 3949 noster

41 4093 42 4098 =
176 4059 186 4089 ¹
204 4055 237 4110 ln
248 4054 370 4112 numia
380 4053 462 4109 etiem
474 4053 705 4108 Termessenrium
722 4053 837 4106 occurrit
849 4059 1020 4116 Komott,
1039 4049 1112 4103 velut
1129 4065 1224 4101 eorum

148 4141 265 4212 othum
277 4143 360 4197 beros
372 4152 400 4196 et
413 4139 544 4196 conditor.
563 4139 626 4193 vie.
644 4137 693 4192 CL
705 4138 848 4208 Spmbenu
865 4138 935 4193 nm.
947 4137 980 4190 de
992 4137 1083 4191 Prusa
1093 4133 1224 4189 Narniam.

149 4243 172 4294 p.
181 4230 243 4302 ⁴79,
261 4227 324 4283 edic
334 4226 415 4295 itt-4⁰.
428 4237 455 4280 at
465 4246 523 4297 pag.
536 4225 585 4279 563
597 4223 660 4279 edit.
671 4243 781 4293 nupero
790 4223 879 4278 in-sol.
