3017 5000
427 504 526 572 PER
550 504 583 571 J.
610 502 848 571 Messon.
1112 524 1175 568 sor

130 643 257 742 gessisse,
275 659 315 717 ut
325 642 448 739 singuli
461 642 634 717 Fastorum
648 670 779 719 menses
792 638 945 737 singulos
958 640 1057 715 etiam
1073 640 1181 716 libros

130 756 420 859 complecterentur,
437 774 538 857 atque
554 754 738 831 scillarum
754 757 822 855 jam
837 783 895 829 sea
911 755 1116 843 exaravisse,
1135 771 1184 828 to-

131 877 212 963 otoo,
227 904 354 951 scurra
367 904 502 976 quoque
515 873 639 949 libellis
653 875 801 971 signatos
811 932 820 963 ,
832 902 935 975 quum
946 875 1053 977 patria
1066 873 1186 976 pulsus

130 1014 172 1069 est.
186 994 280 1069 Adde
298 994 390 1095 quod
407 995 435 1068 si
457 1012 555 1095 poeta
572 993 640 1068 illis
657 994 768 1067 verbis
785 992 1009 1089 significaret,
1035 1020 1071 1067 se
1089 995 1181 1067 Fast.

130 1131 168 1185 xu
188 1110 242 1185 lib.
265 1111 466 1197 exaravisse,
482 1130 544 1185 etc.
572 1109 619 1187 sic
642 1110 706 1187 sibi
732 1110 972 1184 contradiceret
987 1167 997 1198 ,
1012 1137 1117 1210 quum
1128 1108 1187 1182 ad-

127 1225 178 1315 dit,
193 1226 224 1298 id
244 1254 332 1327 opus
349 1254 412 1299 suo
428 1223 547 1299 exsilio
565 1226 746 1327 abruptum
764 1225 878 1299 fuisse.
898 1228 1015 1323 Neque
1030 1240 1116 1297 certe
1129 1250 1187 1297 ve·

126 1358 205 1431 teres,
221 1341 310 1417 inter
324 1371 409 1443 quos
425 1358 477 1415 est
494 1341 704 1431 Lactantius,
720 1340 784 1416 alia
800 1341 890 1430 loca,
907 1361 1128 1443 preterquam
1144 1367 1185 1413 ex

123 1489 166 1535 sex
176 1460 346 1562 prioribus
358 1462 533 1533 Fastorum
552 1458 646 1533 libris
659 1460 856 1560 proferunt,
871 1488 941 1533 non
956 1486 1035 1534 vero
1049 1486 1088 1532 ex
1102 1484 1186 1559 pos-

123 1576 300 1663 ttu'oribus,
311 1603 398 1675 quos
407 1574 597 1649 existimant
611 1574 804 1675 deperditos
817 1605 825 1662 ;
844 1576 895 1648 uti
908 1574 950 1649 el.
962 1573 1071 1649 Nicol.
1083 1574 1188 1647 Hein-

123 1694 178 1768 sius
196 1696 378 1789 ¹[notavit,
398 1693 456 1793 qui
481 1710 589 1765 tamen
605 1692 695 1765 baud
719 1712 827 1783 recte,
846 1712 964 1768 nostro
983 1692 1118 1795 quidem
1132 1692 1188 1791 ju-

122 1806 209 1895 dicio,
231 1807 348 1881 exinde
362 1804 554 1895 concludit,
580 1824 706 1905 certum
723 1838 816 1896 esse,
833 1807 995 1910 reliquam
1011 1810 1188 1883 Fastorum

122 1940 233 2025 partem
248 1924 316 2022 jam
335 1942 409 1998 ante
428 1920 532 1997 multa
552 1920 662 1997 secula
679 1922 898 1997 intercidisse.
923 1924 1060 1998 Certum
1078 1942 1188 1999 tamen

122 2041 254 2133 ridetur,
273 2059 408 2142 poetam
424 2042 460 2114 in
478 2040 589 2115 animo
611 2038 772 2114 babuisse
790 2057 824 2113 et
840 2040 981 2115 aliomm
998 2042 1185 2130 mensium,

122 2156 269 2232 adfinem
294 2184 401 2257 usque
419 2155 518 2245 anni,
538 2157 655 2229 Fastos
673 2155 876 2245 describere;
895 2154 1061 2257 siquidem
1079 2155 1186 2245 canit,
1235 2204 1241 2218 ·
1304 2176 1307 2185 ·

123 2274 196 2347 last.
214 2272 275 2349 lib.
294 2276 364 2361 ill,
383 2300 466 2347 vers.
490 2270 534 2373 57
554 2289 588 2345 et
606 2270 676 2345 58:

273 2446 372 2498 Vester
377 2444 468 2498 bonos
479 2458 601 2512 ututur,
615 2462 698 2514 quum
713 2444 882 2500 Laurentalia
895 2458 1003 2512 mem

307 2537 438 2607 Acceptus
450 2535 544 2592 Geniis
558 2535 601 2589 illa
613 2535 776 2591 Ducum
787 2537 874 2592 babet.

161 2682 323 2756 Ceterum
332 2709 373 2755 ex
381 2679 497 2756 eodem
505 2680 668 2756 Tristium
679 2679 756 2754 loco
772 2697 880 2782 patet,
896 2679 1086 2755 Bucdenbm
1097 2682 1187 2756 baud

123 2793 222 2872 leviter
235 2825 381 2887 errasse,
399 2825 503 2898 quum
520 2814 687 2887 censeret,
707 2797 824 2871 Festos
843 2798 886 2872 ab
905 2799 1031 2874 ovidio
1044 2816 1120 2874 ante
1135 2798 1189 2872 fu·

122 2944 184 3010 gam
203 2916 311 2990 editos
327 2943 408 2990 esse.
427 2915 513 2990 Vide
532 2943 605 3016 quae
623 2944 698 3017 sup.
718 2915 761 2990 ad
776 2945 901 2991 anuum
919 2919 962 2991 U.
981 2919 1020 2993 C.
1040 2937 1187 3010 mecm,

123 3050 225 3108 contra
243 3032 406 3120 diximus,
425 3050 459 3108 et
473 3031 531 3106 inf.
552 3031 594 3108 ad
612 3063 736 3108 annum
753 3053 883 3110 ltctxx.

160 3150 218 3222 xl.
237 3150 362 3222 Notare
380 3150 511 3224 tandem
531 3167 599 3240 est,
617 3149 765 3225 adhunc
783 3178 907 3224 aunum
922 3168 1095 3226 exeuntem
1113 3178 1188 3253 per-

124 3259 214 3336 tinere
238 3263 413 3338 maximam
432 3263 507 3336 libri
525 3263 675 3336 Yrr'str'um
692 3264 946 3364 pninipartem3
971 3293 1074 3366 quum
1098 3281 1189 3338 totus

124 3374 162 3448 sit
176 3378 209 3452 in
227 3379 343 3456 itinere
362 3381 404 3453 ad
423 3380 529 3456 exsilii
544 3379 657 3456 locum
669 3399 842 3471 exaratus,
859 3382 910 3455 uti
923 3398 1023 3484 poeta
1039 3398 1188 3469 testatur,

123 3488 207 3590 bleg.
226 3517 250 3570 x
268 3515 302 3571 et
317 3496 458 3572 ultima:

280 3661 371 3715 litera
382 3679 557 3731 quacumque
572 3673 610 3716 eat
623 3673 680 3716 toto
692 3661 738 3717 tibi
748 3662 816 3716 lecta
826 3661 929 3726 libello,

310 3753 359 3808 Eat
370 3753 434 3807 mibi
445 3753 560 3809 sollicitae
569 3762 679 3823 tmpore
688 3754 756 3810 sacta
769 3755 826 3808 vioe.

282 3845 336 3899 Aut
348 3845 417 3900 banc
429 3866 487 3914 me,
500 3847 577 3917 gelidi
591 3857 733 3902 tremerem
746 3867 831 3918 quum
841 3865 926 3901 mense
933 3847 1095 3915 Decembris,

311 3935 480 3991 scribentem
494 3937 587 3991 mediis
603 3941 705 3992 Hadria
719 3938 785 3991 vidit
795 3937 885 4008 aquia:

279 4029 351 4094 Aut,
362 4039 504 4098 postquam
516 4029 646 4084 bimarem
657 4049 737 4085 cursu
747 4031 929 4100 superavimus
940 4032 1066 4092 Isthmon,

311 4119 455 4192 Alteraque
473 4131 513 4178 est
522 4133 619 4179 nostre
630 4134 718 4179 sumta
729 4124 819 4180 carina
828 4123 915 4192 lugo,
927 4132 977 4176 etc.

161 4279 169 4308 ¹
188 4275 220 4334 ln
230 4281 293 4340 Post
304 4285 348 4342 lib.
360 4287 474 4357 v1,fin.
