3017 5000
314 479 382 544 DE
418 475 673 563 ANTIQUO
705 476 892 543 VEIDII
924 475 1145 543 NUMMO.
1208 477 1271 542 551

191 632 221 680 et
241 620 293 680 adia
307 621 406 698 plura,
425 619 555 702 superius
573 620 639 682 satis
658 619 800 692 indicata,
818 619 948 697 potuisse
964 641 980 680 a
996 619 1116 681 doctiss.
1133 618 1203 680 viris
1222 618 1275 681 ad-

191 727 286 803 mitti,
300 727 404 788 mirum
418 738 470 788 est.
482 727 525 787 At
534 725 709 787 dissimulare
720 748 782 787 non
795 719 905 801 debeo,
922 725 969 788 CL
981 727 1173 807 eximiumque
1182 725 1277 787 virum

192 837 296 896 Enoch.
309 835 532 916 omimium,
552 834 624 894 lecta
644 833 740 893 Ovidii
751 834 809 898 vita
819 834 926 909 ,ultro
941 832 1014 893 mihi
1026 831 1158 894 confiteri
1171 832 1276 916 digna-

192 953 253 1000 tum
261 941 348 1002 fuisse
356 984 364 1014 ,
373 939 747 1022 nihilampliussuperesse‚
760 939 841 1021 quod
849 940 1009 999 Nummum
1021 938 1276 1001 Rondaninianum

192 1047 285 1129 possit
302 1047 403 1108 Ouidio
417 1047 579 1117 vindicare3
598 1067 692 1127 neque
709 1046 762 1107 alia
777 1045 890 1107 ratione
904 1046 1049 1128 antiquom
1065 1045 1234 1128 opinionem
1248 1060 1278 1108 et

191 1165 285 1215 vetera
292 1152 457 1236 praejudicio
466 1173 626 1223 excusasse3
640 1151 696 1212 sisi
704 1152 785 1234 quod
786 1151 902 1231 juvenis
913 1152 1069 1213 admodum
1081 1162 1174 1224 esset,
1186 1175 1275 1234 quum

191 1263 295 1323 Romse
305 1272 481 1330 versaretur3
497 1271 582 1340 atque
593 1257 678 1320 fidem
693 1258 723 1318 in
739 1257 791 1318 hac
807 1279 839 1318 re
849 1279 969 1335 prorsus
985 1256 1157 1339 praebuisset
1168 1269 1275 1320 aucto-

144 1448 147 1462 ί
191 1369 268 1429 riuti
283 1379 313 1430 et
325 1367 507 1445 experientiae
521 1366 675 1429 doctorum
690 1378 762 1428 tuuc
778 1365 917 1444 temporis
934 1388 966 1427 ea
979 1365 1011 1425 in
1026 1365 1097 1426 urbe
1109 1366 1275 1450 degentium

189 1475 433 1556 antiquariorum
453 1472 686 1555 quandoquidem
705 1471 828 1555 ipsemet
848 1495 942 1554 neque
963 1484 1049 1549 tum,
1073 1494 1127 1534 nec
1147 1495 1274 1555 unquam

104 1585 113 1600 ⁸
190 1591 290 1662 postea
305 1579 336 1639 in
351 1578 545 1641 discernendis
561 1578 636 1640 veris
657 1599 688 1637 ac
706 1578 832 1660 antiquis
847 1577 983 1639 Nummis
999 1601 1014 1638 a
1030 1577 1107 1639 falsis
1125 1590 1176 1638 aut
1191 1579 1274 1639 adul-

190 1687 286 1750 temtis
300 1687 469 1750 exercitatus
486 1685 549 1750 soit.
568 1685 625 1750 Sed
647 1685 682 1746 de
702 1686 747 1750 his
770 1688 825 1770 jam
849 1699 893 1750 sat
912 1707 1056 1769 superque
1075 1685 1272 1768 disputatum

192 1817 280 1876 quum
297 1795 379 1860 loeus
391 1817 452 1858 uon
469 1795 633 1877 permittat,
652 1806 686 1856 ut
700 1807 818 1872 caeteta,
837 1819 903 1878 qum
916 1796 952 1857 ad
969 1795 1101 1857 retusum
1115 1795 1272 1856 ΡοΙΙίοηωι

191 1913 337 1982 spectent,
354 1901 492 1981 prolixius
507 1921 734 1985 prosequamur,
753 1916 844 1984 prout
859 1903 926 1966 aiibi
945 1902 1045 1965 forsan
1056 1902 1127 1976 fiet,
1146 1901 1172 1963 si
1190 1904 1271 1962 Deus

190 2008 276 2072 vitum
291 2022 327 2072 ot·
336 2010 411 2076 vires
424 2009 545 2072 dederit.
