3017 5000
473 440 570 509 PER
595 442 627 507 J.
655 438 886 509 MASSON.
1156 444 1219 537 167

157 613 172 657 a
188 577 300 681 populi
314 578 462 677 teregit,
476 597 539 654 ete.
557 614 574 645 o
592 580 721 655 Eodem
732 581 931 680 etiamjnre,
953 614 970 645 «
986 582 1136 683 equitum
1149 601 1222 659 tnr-

62 690 63 717 ³
157 729 171 763 s
187 724 251 771 mas
261 696 455 799 frequenter
466 697 679 793 recognovit,
697 714 779 799 post
793 695 929 793 longam
942 697 1221 800 intercapedinem

60 856 61 869 κ
157 815 320 891 »reducto
346 844 440 899 more
461 814 727 889 transvectionis.
747 815 813 889 Sed
828 843 938 917 neque
954 816 1082 891 detrahi
1102 846 1220 919 quem-

59 1000 61 1021 ,
156 962 282 1034 »quam
300 934 337 1006 in
355 931 598 1009 transvehendo
616 932 659 1005 ab
679 949 870 1007 accusatore
893 961 1014 1035 passus
1038 953 1111 1021 est;
1129 935 1221 1037 qnod

155 1085 171 1117 s
185 1042 253 1125 fieri
270 1047 425 1125 solebat:
444 1066 479 1122 et
493 1048 586 1123 senio
597 1045 767 1149 velaliqna
780 1049 932 1149 corporis
944 1047 1020 1124 labe
1032 1050 1223 1146 insignibus

155 1200 170 1231 »
186 1165 352 1268 permisit,
370 1164 542 1266 praemisso
559 1165 595 1238 iu
620 1164 736 1239 ordine
754 1192 864 1265 equo,
885 1164 928 1239 ad
953 1167 1223 1267 respondendnm

155 1284 318 1386 »quoties
341 1283 546 1371 citarentur,
565 1282 710 1384 pedibus
735 1283 866 1372 venire,
888 1300 950 1358 etc.
975 1292 1023 1350 ¹»
1053 1314 1126 1385 qne
1150 1313 1223 1359 non
1333 1341 1337 1349 .

152 1430 259 1506 perum
278 1402 423 1479 Nasonis
440 1401 569 1490 locum,
590 1430 688 1504 quem
713 1419 912 1490 tractamus,
930 1400 1122 1491 illustrant,
1150 1432 1221 1478 non

151 1547 236 1597 secus
261 1548 298 1595 ac
318 1546 392 1621 quse
412 1518 501 1595 idem
523 1518 705 1593 Suetonius
731 1518 854 1593 addit:
880 1552 897 1585 α
924 1518 1175 1621 impetratisque
1202 1550 1222 1597 a

152 1668 167 1701 r
184 1653 299 1711 senatu
323 1636 439 1711 decem
457 1634 688 1736 adjutoribus,
708 1664 981 1737 unumquemque
997 1637 1146 1737 equitnm
1163 1665 1219 1710 ra-

153 1786 168 1817 »
186 1752 310 1829 tionem
329 1754 405 1829 vitae
421 1751 558 1829 reddere
581 1753 713 1851 coegit:
732 1770 833 1854 atque
848 1782 889 1827 ex
909 1752 1110 1853 improbatis
1136 1752 1221 1829 alios

153 1900 299 1974 epona,
316 1870 403 1947 aiios
418 1870 603 1969 ignominia
619 1870 762 1959 notavit,
774 1890 843 1947 -etc
863 1906 883 1939 »ι
902 1870 1122 1973 φινὶἀεείε.

192 1989 253 2062 ΙΠ.
270 1986 427 2084 Singulas
440 2016 544 2090 porro
556 1989 662 2075 vices,
680 1988 807 2087 quibus
823 1988 972 2087 equitum
991 2007 1117 2063 turmas
1134 1988 1221 2089 ipse-

150 2122 211 2180 met
227 2108 405 2202 Augnstus
416 2103 664 2199 recognoverit,
679 2101 830 2189 definire,
844 2101 1020 2177 silentibus
1032 2103 1218 2191 historicis,

46 2284 47 2293 ,
150 2220 244 2294 nobis
261 2248 331 2294 non
348 2217 436 2293 licet.
454 2220 579 2291 Verum
600 2233 634 2291 et
655 2216 721 2290 hoe
739 2244 827 2290 anno
844 2215 881 2288 id
898 2235 1091 2317 peractum,
1115 2248 1220 2319 quum

45 2368 46 2371 ¹
149 2332 243 2407 nodo
266 2336 394 2407 Noster
415 2361 508 2407 suam
533 2334 647 2407 Artem
666 2330 833 2417 ediderat,
853 2359 892 2405 ex
909 2332 979 2431 ejus
996 2332 1107 2406 verbis
1126 2330 1221 2406 colli-

150 2474 219 2543 gere
238 2446 290 2523 sas
314 2463 373 2523 est.
396 2447 497 2522 Haud
515 2442 616 2544 longe
637 2443 754 2522 saltem
776 2445 818 2519 ab
845 2445 912 2521 hoc
938 2462 1086 2547 tempore
1108 2474 1220 2521 remo-

149 2564 248 2640 venda
264 2583 316 2641 est
336 2564 515 2640 norissima
538 2582 617 2665 post
637 2563 785 2640 eamdem
798 2567 914 2638 Artem
927 2563 1048 2638 editam
1062 2563 1146 2639 sacta
1161 2594 1220 2640 re-

151 2683 309 2780 cognitio,
328 2710 394 2783 qua
413 2709 530 2756 rursus
549 2681 640 2754 Naso
664 2680 828 2783 probatus
846 2681 890 2754 ab
916 2685 1073 2778 Angusto
1101 2680 1221 2760 delicta

151 2819 279 2875 notante
298 2798 374 2874 fuit.
400 2799 482 2896 Quo
503 2798 599 2872 etiam
624 2815 754 2900 spectat
778 2797 925 2898 ejusdem
949 2799 1052 2874 Trist
1080 2800 1140 2875 lib.
1158 2802 1219 2890 11,

151 2939 226 2990 vers.
244 2915 292 3019 89
306 2931 340 2990 et
357 2941 428 3017 90:

309 3089 360 3157 Ar,
375 3087 503 3154 memini,
514 3087 649 3156 vitamque
660 3106 749 3140 meam
761 3105 902 3157 moresque
914 3088 1043 3158 probabas

343 3180 407 3250 ttto,
419 3199 499 3251 quem
512 3179 636 3246 dederas,
650 3179 835 3248 pretereuntis
844 3197 922 3248 equo.

552 3321 817 3346 mm

330 3497 412 3552 Anno
426 3495 460 3551 C.
472 3511 497 3558 r;
511 3495 549 3550 U.
561 3493 594 3550 C.
605 3509 722 3560 noem
735 3491 828 3548 ovttit
839 3507 910 3546 xum
921 3502 949 3546 et
960 3452 1035 3546 miv.

239 3658 271 3715 C.
288 3657 456 3713 CAEstnn
473 3655 564 3711 AUG.
580 3655 611 3711 F.
630 3655 660 3709 L
678 3653 829 3710 AEmltto
847 3652 1001 3709 Proteo
1020 3651 1125 3710 COSS.

195 3821 221 3891 1.
234 3819 360 3893 carun
374 3818 577 3902 Cnssnnn,
595 3811 636 3887 de
650 3842 717 3914 qno
734 3830 834 3916 poeta
848 3830 963 3888 noster
972 3811 1008 3885 in
1023 3813 1107 3886 Arte
1123 3813 1224 3886 Ama·

155 3937 232 4012 toria
247 3937 358 4024 canit,
377 3964 438 4010 ceu
457 3935 498 4010 ad
515 3931 696 4009 Portlu'com
711 3933 957 4034 expeditionem
972 3961 1009 4007 se
1020 3931 1226 4027 accingente,
1290 3943 1294 3952 '

155 4053 215 4130 hoc
229 4084 319 4130 anno
337 4051 514 4129 consulatu
531 4051 722 4126 decoratum
745 4047 866 4140 fuisse,
884 4049 963 4125 dum
981 4051 1063 4124 ultro
1067 4049 1157 4149 fines
1172 4075 1230 4120 ex-

182 4231 189 4262 ¹
206 4227 319 4286 Sueton.
331 4228 361 4282 iu
375 4228 445 4299 Aug.
456 4246 512 4298 cap.
524 4226 564 4280 38.
