3017 5000
286 413 329 550 r.
571 473 610 538 Ρ.
639 474 818 582 ovmn
840 475 1072 547 ursolus
1132 445 1136 450 ’
1242 522 1245 529 .

334 611 404 684 Ora
421 637 520 712 snper
534 611 591 688 lixi
610 644 707 715 quem
728 615 873 690 cecidere
889 619 969 693 suis.

284 728 360 802 Sive
376 727 464 803 idem
482 730 581 806 simili
597 733 698 835 pinus
715 764 814 835 quem
831 755 938 813 morte
956 739 1114 839 peremit:

331 845 444 946 Phryx
463 863 495 921 et
508 869 644 924 venator
660 851 705 925 sis
722 854 1009 955 Berecynthiades.

252 972 254 978 '
283 962 318 1036 Si
336 981 394 1038 tua
411 965 589 1062 contigerit
606 965 739 1044 Minoas
757 972 883 1072 puppis
901 1001 1037 1059 arenas,

332 1082 380 1156 Te
397 1081 605 1182 Corcyraeum
624 1084 756 1158 Cressia
774 1085 873 1158 turba
888 1103 996 1186 putet.

284 1196 533 1295 Lapsuramque
551 1195 684 1269 domum
700 1197 839 1284 subeas,
858 1217 897 1272 ut
914 1201 1050 1294 sanguis
1067 1200 1195 1290 Aleuae,

334 1306 436 1381 Stella
450 1309 666 1409 Leoprepidae
686 1337 790 1410 quum
805 1310 870 1384 snit
886 1341 979 1413 aequa
994 1312 1066 1385 viro
1081 1341 1089 1385 :

286 1426 398 1524 thue
412 1423 463 1497 rel
482 1425 614 1498 Evenus
630 1425 769 1498 torrenti
785 1426 921 1501 llumine
940 1457 1089 1517 mersus,
1308 1451 1361 1503 61⁵

287 1590 416 1644 dormiret
425 1588 573 1644 meridiano
588 1602 669 1658 utu,
682 1590 800 1646 solutum
848 1593 967 1647 carmine
980 1593 1124 1658 daturum
1138 1595 1270 1664 reliquum
1281 1615 1295 1648 a
1305 1597 1363 1651 suis

286 1668 342 1739 apri
354 1678 445 1738 capnt,
458 1667 614 1722 donnientis
626 1688 654 1722 os
664 1671 800 1739 oppressit.
849 1671 1025 1742 Tyndaridis,
1044 1693 1109 1743 quos
1124 1693 1197 1744 eque
1214 1674 1361 1742 laudasset,

320 1750 376 1802 508.
397 1748 452 1799 Ora
467 1767 541 1814 seper
558 1753 625 1800 κη’.
645 1747 752 1801 Rectius
770 1749 798 1801 in
848 1758 968 1817 peteret,
980 1750 1001 1802 si
1014 1751 1038 1804 ei
1051 1751 1193 1805 rideretur.
1205 1751 1289 1806 Paulo
1300 1762 1364 1822 post

288 1826 343 1881 aliis
358 1827 489 1896 impressis
508 1838 536 1882 et
555 1827 634 1882 Mass.
655 1830 709 1880 Ora
727 1847 802 1897 super
847 1825 940 1880 lerunt
960 1847 1016 1881 esse
1032 1819 1188 1882 nunciatum
1207 1829 1359 1897 Simonidi,

278 1908 339 1974 fisi.
356 1903 437 1958 Cror.
847 1913 879 1955 ut
892 1903 1032 1972 prodiret:
1049 1907 1158 1974 juvenes
1175 1917 1242 1960 stare
1258 1907 1290 1960 ad
1311 1907 1362 1975 ja-

322 1987 378 2055 509
391 1985 476 2051 Atque
486 1987 560 2036 r'derrr.
574 1984 639 2056 Atys
648 1994 674 2038 et
683 1985 800 2038 Nauclus
848 1997 930 2032 nesam
942 1981 1009 2036 duos
1020 1984 1162 2052 quosdam,
1176 1984 1221 2052 qui
1232 2003 1294 2050 enm
1302 2002 1362 2036 ma-

287 2061 358 2128 pinei
371 2062 444 2129 pomi
456 2081 517 2116 casu
528 2062 691 2117 dormientes
703 2063 730 2116 in
744 2081 798 2116 ve·
848 2075 964 2126 gnopere
972 2071 1125 2126 evocarent,
1135 2061 1273 2114 surrexisse
1281 2059 1361 2113 illum

288 2139 395 2193 natione
408 2139 495 2194 obruti
505 2151 576 2194 sunt.
847 2137 950 2207 ipsum,
962 2139 1093 2208 prodisse,
1105 2140 1198 2194 vidisse
1210 2140 1360 2194 neminem.

321 2221 378 2273 510.
396 2221 507 2272 Veneror
518 2221 629 2288 Phrygia
646 2223 730 2286 seipse
739 2221 799 2270 Be·
848 2215 909 2271 Hoc
921 2217 1030 2271 interim
1041 2217 1125 2288 spatio
1138 2219 1257 2273 conclave
1269 2217 1335 2271 illud
1350 2259 1360 2287 ,

286 2299 438 2350 reethiades.
451 2297 513 2350 Non
526 2304 648 2351 constant
658 2295 706 2348 sibi
719 2295 798 2349 codi-
847 2295 894 2348 nbi
911 2298 1063 2364 epularetur
1078 2298 1175 2367 Scopas
1193 2297 1333 2352 concidisse
1352 2318 1361 2352 t

285 2396 341 2440 ces;
360 2374 478 2446 plerique
489 2393 495 2426 :
508 2396 522 2420 κ
532 2374 637 2444 Frigida
646 2384 757 2427 venator
765 2373 800 2426 sis
848 2393 879 2426 ea
890 2375 967 2427 ruina
976 2375 1062 2445 ipsum
1072 2395 1225 2446 oppressum
1234 2395 1296 2429 cnm
1303 2376 1361 2430 suis

286 2453 535 2528 Berecyntheades,
554 2475 568 2502 s
579 2451 619 2507 vel
633 2455 739 2521 stigio,
755 2451 799 2525 vel
847 2451 993 2521 interiisse,
1005 2465 1054 2508 etc.
1068 2476 1081 2501 s
1100 2454 1162 2508 Fuit
1176 2454 1248 2507 enim
1260 2453 1363 2523 Scopas

286 2538 384 2587 Frr'xr'a.
399 2534 470 2603 Lege
489 2554 522 2585 :s
538 2532 627 2603 Phryx
645 2544 673 2585 tu
688 2542 799 2585 venator
849 2529 939 2583 Alere
954 2533 1078 2602 sanguis,
1097 2533 1147 2586 hoc
1163 2544 1218 2598 est,
1239 2552 1271 2585 ex
1289 2532 1364 2587 illius

286 2611 320 2665 sis
331 2608 562 2683 Berecynthiades.
571 2630 584 2655 υ
597 2610 698 2662 Hesus·
848 2610 993 2678 progenie,
1008 2610 1146 2671 Creontis,
1159 2621 1186 2663 et
1199 2610 1366 2665 Echecratiae

321 2693 378 2743 511.
397 2690 509 2741 traaas.
527 2686 599 2741 Socii
617 2686 717 2739 Minois
730 2684 801 2755 regis
849 2685 933 2750 lilius,
944 2698 974 2741 ut
982 2688 1112 2759 interpres
1121 2687 1257 2741 Theocriti
1271 2688 1365 2742 tradit.

287 2768 421 2822 interlecti
436 2768 465 2820 in
480 2766 567 2821 Sicilia
585 2765 710 2833 injuriam
728 2764 799 2817 ulci-
850 2762 904 2817 Per
914 2769 1015 2820 stellare
1025 2786 1089 2836 ergo
1100 2764 1238 2820 Castorem
1251 2777 1278 2820 et
1289 2767 1366 2820 Pol-

286 2857 399 2913 scentes,
407 2846 557 2915 quicunque
565 2843 689 2899 exSicilia
698 2844 725 2897 in
735 2841 800 2896 Cre·
848 2843 952 2911 lucem,
968 2845 1012 2915 qui
1026 2845 1204 2900 Geminorum
1214 2847 1285 2900 sidus
1292 2865 1367 2899 con-

289 2936 343 2977 tam
352 2924 526 2995 navigarunt,
539 2920 741 2975 interficiebant.
848 2923 979 2991 stituunt,
995 2924 1135 2995 intelligo:
1152 2946 1199 2994 per
1213 2926 1368 2995 Lycoridem

322 3006 379 3060 513.
387 3008 535 3072 lapsuram.
543 3002 645 3068 Alcide,
654 3000 744 3055 Atebae
752 3001 800 3053 La·
849 3014 938 3057 autem
951 3005 1055 3070 virum,
1069 3002 1245 3058 Simonidem.
1261 3002 1332 3057 Mle.

287 3086 366 3139 rissaei
382 3082 453 3149 filia,
468 3100 529 3135 cum
544 3081 602 3133 riro
612 3080 741 3152 Lycoride
754 3099 801 3133 ea·
883 3086 939 3147 514,
951 3086 1031 3136 Stella
1043 3085 1179 3155 Lycoride.
1192 3084 1274 3137 Recte
1289 3084 1367 3135 leo-

290 3164 351 3217 slem
363 3163 459 3216 domus
469 3161 546 3216 ruina
559 3161 652 3214 obruta
665 3170 711 3214 est.
720 3160 799 3213 Dore.
844 3166 957 3227 prepidae
969 3161 1085 3231 Scaliger
1093 3162 1249 3216 Ausonianis
1258 3162 1366 3215 lectio·

289 3273 323 3284 -
333 3245 484 3310 Utsaugnr's
495 3239 800 3309 Aleaevnterurpoera
848 3238 945 3307 nibus,
962 3240 1083 3294 insistens
1104 3240 1216 3310 vestigiis
1236 3241 1364 3294 retenu'n

288 3322 423 3377 historiam
432 3316 800 3387 Simonidesignisrcare,cn·
848 3318 1364 3389 exemplariumzlaeoprepisfiliusSimo-

288 3405 331 3471 jus
340 3402 487 3455 meminere
497 3398 584 3453 Valer.
596 3398 705 3450 Maxim.
717 3396 798 3464 lib.l,
848 3397 939 3459 nides;
952 3398 988 3452 ita
999 3399 1092 3467 passim
1104 3408 1230 3451 auctores.
1239 3398 1365 3467 Hely-

288 3502 343 3549 rap.
356 3481 388 3534 de
402 3478 553 3544 Miraculis,
568 3489 596 3530 et
610 3476 705 3531 Cicero
716 3477 797 3538 item,
848 3480 946 3531 corr’dae.
955 3476 1009 3530 Sed
1020 3474 1364 3545 rurbycon'desabOvidio

288 3561 332 3612 lib.
343 3560 368 3613 ll
382 3558 414 3612 de
423 3558 551 3622 Oratore,
563 3553 800 3621 hujusrerbasuut
849 3554 1000 3609 Simonides
1008 3552 1212 3607 dictusillreret
1220 3551 1363 3625 Micyllus3

288 3640 345 3692 lraec
356 3658 363 3691 ·.
374 3660 388 3683 o
399 3638 499 3691 Dicunt
510 3636 597 3701 enim,
611 3653 694 3703 quum
704 3654 800 3687 coena-
848 3645 879 3687 ut
896 3645 923 3688 et
939 3634 1057 3688 Turneb.
1075 3650 1155 3701 quem
1172 3632 1231 3685 ride
1250 3633 1293 3685 lib.
1315 3634 1362 3688 lx

288 3714 498 3771 rctCranonein
508 3712 639 3767 Thessalia
648 3711 799 3766 Simonides
849 3714 917 3768 Adv.
932 3734 986 3783 cap·
998 3719 1038 3767 25.
1053 3714 1090 3766 Ar
1101 3714 1156 3766 Jos.
1168 3712 1261 3782 Scalig.
1273 3712 1317 3765 lib.
1330 3714 1363 3767 ll

184 3795 187 3801 ¹
288 3798 359 3867 apud
375 3796 505 3865 Scopam,
523 3794 687 3847 fortunatum
706 3791 799 3845 homi-
849 3793 950 3846 Arason.
964 3792 1035 3846 lect
1046 3790 1365 3861 cap-3o,legit:S!eila

289 3895 354 3930 nem
370 3885 398 3927 et
413 3874 548 3939 nobilem,
567 3868 753 3939 cecinissetque
771 3868 798 3922 id
848 3872 1007 3939 Leoprepidae
1015 3875 1115 3923 csietc.
1124 3870 1186 3923 Fuit
1195 3869 1267 3923 enim
1277 3878 1364 3937 Σιμω-

288 3972 395 4009 carmen
408 3951 476 4022 quod
490 3951 517 4003 in
530 3966 591 4003 eum
603 3948 759 4020 scripsisset,
770 3949 797 4001 in
848 3955 914 4010 νίὰς
924 3959 1084 4024 temperate,
1096 3958 1126 4000 ut
1134 3948 1169 4001 ait
1178 3945 1287 4010 Snidas,
1298 3966 1361 3999 non

289 4052 342 4103 quo
360 4032 443 4084 multa
460 4029 487 4083 in
504 4028 643 4083 Castorem
658 4027 753 4095 scripta
772 4038 800 4079 et
848 4040 937 4081 tamen
949 4026 1042 4095 ignoro
1056 4025 1132 4096 paulo
1147 4035 1205 4095 post
1218 4024 1246 4076 in
1260 4025 1360 4080 eodem

292 4110 428 4165 Pollucem
439 4107 565 4173 luissent,
578 4104 737 4159 nimisillum
745 4123 800 4159 sor·
848 4104 930 4159 Suida
941 4104 991 4175 legi
1001 4110 1048 4159 υἱὸν
1058 4112 1201 4177 θικρωῦς.
1208 4104 1243 4155 V.
1254 4101 1349 4156 Anna.

291 4190 351 4243 dide
361 4188 493 4243 Simonidi
502 4186 607 4253 dixisse,
620 4204 647 4239 se
658 4183 799 4238 dimidium
881 4186 937 4237 515.
953 4183 1040 4250 (lique.
1054 4182 1174 4247 Euenus,
1185 4198 1267 4248 quum
1283 4180 1361 4231 Mac

290 4269 363 4337 ejus,
380 4269 404 4323 ei
419 4266 490 4339 quod
507 4275 597 4337 pactus
610 4275 676 4319 essct
692 4281 741 4332 pro
755 4262 799 4315 illo
847 4260 941 4331 pissam
958 4260 1039 4314 filiam
1052 4258 1256 4331 pulcherrimam
1272 4256 1359 4311 halre-
