3017 5000
427 458 829 576 nen1.mssson.
987 565 989 568 .
1096 508 1156 594 145

39 746 40 749 Ἴ
109 646 186 721 dium
210 648 245 721 iu
277 646 352 721 foro
379 675 551 748 nunquam
582 674 696 721 causus
723 645 766 719 ud
792 644 1033 721 causidicorum
1056 647 1161 725 iustae

39 752 40 757 ἵ
109 763 217 858 egisse,
236 763 295 837 sed
312 763 399 839 iuter
416 763 638 839 centumviros
654 762 778 837 ibidem
798 764 835 836 iu
856 760 1023 837 subselliis
1038 763 1161 839 sedisse

109 882 319 980 eeuludrcem,
330 910 368 955 uc
379 882 612 957 advocatorum
621 883 788 956 oretroues
796 880 969 969 eudrmsse,
981 910 1161 985 causasque

39 1022 40 1083 j
107 996 270 1097 judicasse,
289 1000 381 1101 quod
395 999 582 1075 estsedere
567 1029 598 1073 m
611 1000 758 1101 aliquem,
765 1001 846 1088 vel,
858 1016 897 1072 ut
908 1002 1032 1074 Noster
1042 999 1159 1089 habet

108 1140 133 1183 n
113 1112 268 1215 'obcujus
282 1114 379 1188 verda
394 1114 504 1187 sedere.

147 1229 348 1303 Centumviri
375 1247 485 1313 autem
510 1258 569 1330 qur
558 1228 735 1316 suen'nt,
766 1230 880 1331 paucis
903 1230 1003 1304 docet
1021 1230 1164 1302 Festus:

111 1374 125 1406 α
141 1342 410 1432 Centumriralia,
425 1344 554 1444 inquit,
571 1343 694 1443 judicia
710 1374 728 1417 a
744 1344 956 1418 centumviris
971 1343 1059 1417 dicta
1075 1360 1181 1419 suut..

110 1458 219 1533 »Nam
239 1488 344 1560 quum
362 1478 472 1535 essent
488 1462 603 1533 Romae
621 1459 756 1555 triginta
772 1460 921 1561 quinque
939 1460 1067 1548 tribus,
1092 1487 1165 1560 quae

111 1604 126 1635 n
140 1591 170 1646 et
179 1574 279 1649 euriae
292 1594 372 1650 suut
383 1576 492 1663 dicte,
507 1576 590 1650 terni
604 1604 642 1649 ex
656 1574 797 1670 singulis
811 1575 969 1649 tribubus
979 1593 1060 1649 sunt
1072 1573 1167 1648 electi

110 1721 125 1751 e
140 1688 427 1789 adjudicandum,
448 1692 506 1794 qui
525 1691 719 1766 centumviri
738 1690 893 1792 appellati
910 1708 999 1766 suut.
1026 1693 1075 1766 Et
1091 1689 1169 1767 licet

111 1834 126 1867 κ
142 1804 287 1907 quinque
303 1805 447 1907 emplius
465 1836 564 1909 quam
580 1824 713 1882 centum
723 1808 867 1895 suerint,
882 1824 991 1882 tamen
1007 1836 1075 1908 quo
1087 1807 1170 1881 faci-

110 1922 201 1999 »lius
214 1924 480 2013 nominarentur,
496 1924 688 1999 centumviri
703 1943 783 1999 sunt
795 1922 886 1997 dicti.
905 1958 923 1990 ν)
940 1925 1065 1998 Caetera
1075 1980 1085 2011 ,
1097 1952 1171 2025 quae

108 2039 144 2111 ed
159 2065 274 2115 eorum
288 2040 413 2141 judicia
430 2059 596 2143 spectant,
613 2040 726 2143 plures
744 2041 810 2140 jem
826 2040 916 2116 docti
937 2042 998 2116 viri
1019 2051 1028 2082 ¹
1050 2059 1171 2115 tractu-

109 2176 192 2245 runt,
208 2186 296 2259 quos
313 2157 488 2234 consulere
508 2176 568 2235 est.
589 2158 762 2235 Addemus
785 2176 929 2247 tentum,
946 2177 986 2232 ut
1005 2161 1173 2261 posterior

110 2271 211 2345 Ouidii
223 2270 320 2347 locus
332 2270 534 2359 illustretur,
549 2272 770 2347 centumviros
782 2300 852 2345 uon
862 2271 963 2345 suisse
975 2290 1170 2374 perpetuos,

108 2413 159 2461 nee
174 2414 306 2489 semper
322 2387 454 2463 eosdem
471 2387 650 2488 quotannis
667 2387 702 2460 in
721 2384 1012 2461 centumviralibus
1028 2387 1172 2476 sedisse3

108 2503 158 2576 sed
172 2533 211 2579 ex
228 2502 378 2603 judicum
399 2503 541 2578 decuriis
557 2533 576 2578 a
593 2522 733 2607 praetore
750 2503 886 2578 lectos'
877 2532 911 2577 ru
923 2532 1027 2578 suum
1047 2532 1173 2578 annum

108 2643 185 2706 esee,
203 2636 320 2694 utuua
330 2644 404 2691 cum
416 2645 456 2690 eo
471 2643 587 2692 causas
602 2615 855 2690 centumvirales
866 2597 1063 2690 deciderent.
1075 2618 1174 2692 Unde

108 2733 317 2832 intelligitur,
335 2763 436 2836 quare
452 2735 543 2810 Naso
561 2731 698 2820 dixerit,
717 2731 859 2808 sedissem
861 2734 1019 2830 seersum
1037 2751 1098 2807 etc.

149 2853 208 2926 lll.
231 2848 417 2948 Subiungit
427 2875 533 2950 ‚porro
549 2850 673 2923 Noster
688 2847 805 2923 eodem
820 2847 913 2937 loco,
931 2851 1033 2922 Trist.
1048 2848 1107 2923 lib.
1117 2851 1172 2937 Il,

107 2991 181 3042 vers.
197 2966 270 3067 95:

264 3117 320 3168 Res
332 3131 436 3185 quoque
445 3120 562 3182 purasne
574 3112 653 3168 stetui
662 3111 841 3168 sine-erimine
850 3128 942 3169 sunu
952 3117 980 3182 ²,

295 3205 391 3275 Deque
402 3220 460 3261 meo
470 3203 538 3260 iesse
550 3215 590 3260 cst
603 3223 661 3274 pars
671 3221 776 3274 qnoque
788 3205 855 3258 victa
868 3203 929 3257 fide.

107 3345 289 3424 Absurdam
311 3348 411 3447 hujus
435 3346 500 3420 loci
520 3344 824 3448 interpretationem
847 3373 868 3418 a
894 3344 1066 3419 nonnullis
1090 3377 1170 3421 con-

106 3463 208 3538 fictam
225 3465 306 3540 satis
320 3464 546 3552 revincemus,
560 3463 662 3538 modo
675 3451 850 3536 rectiorem
866 3461 1082 3562 proferemus.
1100 3461 1171 3536 Sei-

136 3663 144 3693 ¹
161 3660 223 3716 Gul.
237 3661 368 3727 Budaeus,
389 3661 452 3714 Not.
467 3659 546 3729 prior.
560 3658 592 3712 ed
606 3657 691 3712 Pand.
708 3675 765 3727 pag.
781 3661 845 3725 ψ,
867 3661 931 3726 ²453
948 3658 1012 3714 Aut.
1029 3660 1172 3729 Augustin.

106 3743 135 3798 de
148 3744 235 3816 legib.
246 3744 297 3815 leg.
311 3742 435 3807 AEbuem
449 3741 511 3796 Cer.
523 3741 662 3810 Sigonius,
680 3741 713 3794 de
729 3739 854 3807 tudiciis,
871 3740 914 3794 lib.
932 3739 962 3807 1,
972 3761 1027 3810 cap.
1040 3765 1088 3806 223
1105 3743 1169 3799 sic-

106 3845 193 3894 mma,
209 3827 241 3882 de
256 3823 423 3881 centumvir.
439 3823 561 3889 Judieio,
579 3821 664 3890 lib-1,
680 3840 735 3892 cup.
750 3822 779 3888 6,
801 3823 848 3886 133
867 3823 961 3876 Fraus.
974 3823 1168 3880 reuomente

106 3908 274 3980 Megiste-etih.
288 3909 367 3962 Rom.
383 3905 427 3961 lib.
443 3906 472 3973 l,
490 3915 539 3958 etc.

133 3999 227 4054 ’Hae
246 3999 303 4054 Pet.
320 4001 403 4070 Bayle
419 3997 456 4050 sic
479 3996 613 4064 iutelligit,
635 4005 665 4048 ut
684 4005 805 4062 censent,
820 3994 949 4051 Ovidium
966 3997 1122 4067 quibusda·
1139 4001 1168 4052 iu

106 4079 165 4135 mm
179 4086 298 4134 arbitrbor
315 4099 369 4134 esse
389 4079 504 4146 suetum,
517 4089 566 4132 etc.
585 4079 688 4131 Verum
696 4081 783 4147 judex
798 4079 1168 4136 marconeicurtem„

105 4163 442 4236 quiaproetoribusdetur.
451 4119 934 4243 arbiterquialitigeutibuseligiturz
951 4164 1006 4217 vid.
1022 4164 1116 4219 Seuer.
1133 4165 1168 4219 de

107 4245 197 4300 lleuei.
209 4247 252 4300 lib.
266 4246 308 4301 lll
318 4263 441 4314 ,οη-7,
433 4244 522 4298 Plio
534 4241 582 4312 Ep.
595 4229 788 4310 3031ih.v11,
800 4241 886 4298 Cicer.
899 4243 975 4298 one
987 4265 1036 4316 pro
1047 4246 1151 4300 Roscio

220 4346 374 4414 VIII.
922 4367 960 4410 ro
