3017 5000
279 470 347 556 546
488 525 498 542 .
553 502 566 521 ·
632 469 1006 539 DISSERTATIO

212 639 216 650 ·
276 615 323 678 Cl.
342 613 490 677 Morellius
514 611 737 690 internuptam
754 615 921 684 Nummos,
941 611 992 672 seri
1016 611 1130 694 quidem
1153 613 1285 688 incisos,
1309 615 1357 675 sed

274 722 405 785 nondum
420 720 574 803 vulgatos,
596 732 703 783 etcum
721 720 850 802 ejusdem
860 719 999 802 principis
1017 721 1109 797 cupite
1121 721 1338 798 representavit.

312 828 367 887 Vl.
383 826 484 887 Alium
497 827 613 905 insuper
626 827 769 888 Modeuuo
779 826 1010 888 consentientem
1020 826 1111 888 celeb.
1124 825 1212 888 doun.
1229 827 1358 889 Vuillurt

272 932 455 1014 possidebat;
473 951 559 1017 quern
576 945 671 994 tumen
684 932 805 1010 ipsemet
821 935 944 1011 pessime
960 933 1002 994 sic
1017 933 1169 1011 descripsit
1187 947 1195 970 ¹
1210 957 1217 992 :
1230 959 1249 990 u
1266 948 1360 997 tton-

274 1069 289 1098 s
310 1055 397 1104 mou
411 1054 608 1112 cornuum
625 1054 828 1104 usrzsenou.
839 1041 937 1104 Pollio
945 1040 1068 1123 cupedii
1079 1044 1112 1102 lt
1125 1041 1358 1116 cerasensium,

274 1175 290 1204 s
307 1148 469 1210 Palestinae.
491 1149 586 1227 Caput
600 1147 726 1232 Augusti
743 1149 806 1208 sine
820 1149 922 1210 lauru.
938 1160 1146 1211 ΜΕΝΔΝΔΡΟΣ
1161 1161 1358 1211 ΠΔΡΡΔΣΙΟΥ.

275 1283 290 1310 u
308 1255 614 1318 MenanderParrhasii
626 1257 659 1315 F.
671 1255 825 1332 Templum
836 1267 907 1316 octo
915 1257 1114 1317 columnarum
1126 1299 1136 1329 ‚
1150 1279 1167 1316 a
1181 1255 1288 1317 deruis
1302 1257 1359 1317 Cs-

273 1389 293 1420 »
303 1364 437 1442 ducens.
450 1391 466 1417 ι»
480 1363 529 1423 Ad
539 1363 662 1424 eundem
674 1374 813 1439 provocat
825 1363 872 1424 lll.
881 1365 1071 1444 Spnnhenu'us
1081 1363 1113 1422 in
1123 1363 1241 1426 Noviss-
1254 1364 1361 1441 Operis

274 1471 309 1532 de
319 1470 424 1532 Praest.
439 1472 529 1532 Num.
542 1481 615 1531 tom.
635 1491 647 1527 1
660 1511 669 1543 ‚
686 1491 716 1545 p.
732 1465 791 1542 54,
810 1480 873 1531 not.
888 1491 977 1553 marg.
992 1469 1061 1530 dum
1072 1469 1105 1529 in
1119 1470 1184 1548 ipso
1201 1481 1284 1529 textu
1297 1469 1359 1530 brec

273 1576 397 1638 scribit:
416 1577 524 1636 Exstat
542 1599 608 1638 uero
626 1579 656 1635 ιἰι
676 1575 760 1635 Gaza
779 1577 912 1636 Mediceu
932 1578 1007 1637 alius
1025 1577 1120 1637 adduc
1135 1588 1165 1636 et
1178 1577 1356 1653 singularis,

272 1686 324 1766 qui
336 1681 422 1763 liujus
439 1683 598 1742 Menandri
613 1679 759 1742 Parrhasii
764 1681 830 1760 filu
844 1683 941 1742 itidem
957 1684 1086 1743 nunrinit
1100 1704 1233 1742 nummus
1251 1704 1262 1739 .·
1282 1683 1359 1762 isque

273 1789 415 1850 incudem
432 1787 500 1848 urbe
517 1787 651 1848 Cusuren
662 1798 691 1848 et
702 1789 754 1848 sud
771 1788 900 1866 Augusto
916 1789 1048 1850 similiter
1057 1809 1211 1869 percussus
1230 1811 1240 1847 :
1259 1791 1291 1848 in
1307 1810 1360 1869 prro

273 1897 341 1957 tutu
356 1909 519 1961 nonnum
539 1907 732 1958 uorunmor
746 1908 960 1970 xsrrmcnu,
979 1895 1078 1958 Pottio
1096 1895 1245 1973 (lupetius
1261 1896 1358 1956 casa·

272 2005 433 2078 niensium,
452 2024 519 2062 cum
535 2003 662 2080 Augusti
676 2005 792 2082 cupite5
814 2004 897 2061 illinc
913 2011 1000 2083 caput
1018 2003 1187 2075 barbatum,
1207 2024 1273 2062 curn
1294 2005 1358 2062 ins-

273 2113 428 2194 criptione,
446 2122 654 2172 occursuros
680 2114 870 2184 utentior,
887 2110 1052 2170 Menander
1064 2110 1227 2170 Parrhasu.
1243 2109 1358 2186 Quibus

273 2218 305 2278 in
319 2216 413 2280 verbis
429 2217 511 2295 plura
534 2229 604 2277 sunt
624 2227 734 2290 errata,
753 2228 788 2276 ut
807 2237 841 2276 er
861 2217 993 2293 superins
1009 2216 1152 2279 adnotatis
1172 2218 1274 2300 liquet.
1294 2221 1357 2278 Nec

274 2323 471 2396 dubiumst,
487 2322 559 2405 quin
578 2321 626 2384 cl.
634 2323 686 2382 Vir
703 2321 764 2382 aliis
775 2321 891 2404 majoris
905 2323 1049 2385 morienti
1063 2322 1192 2406 negotiis
1205 2324 1357 2387 disuactu

274 2455 306 2494 es
318 2431 475 2492 correxerit
485 2473 495 2507 ,
507 2451 542 2491 ex
552 2431 620 2492 loco
634 2430 663 2490 V
660 2431 789 2519 aillontii
800 2451 816 2488 a
827 2451 858 2490 se
867 2429 1007 2514 allegato,
1020 2454 1087 2513 qun
1098 2429 1210 2515 legebat
1219 2431 1254 2492 in
1268 2433 1357 2492 Gau

274 2541 415 2601 Medusa
428 2540 591 2623 Catulogo,
607 2560 694 2620 quem
707 2538 782 2617 apud
795 2560 863 2601 enus
875 2538 979 2617 saepius
993 2538 1066 2613 vidi3
1079 2540 1235 2622 siquidem
1247 2542 1358 2620 inspec-

274 2661 338 2709 tum
349 2647 403 2709 sibi
408 2650 566 2710 Nummum
573 2647 661 2709 fnisse
670 2689 679 2722 ,
692 2668 754 2708 non
764 2646 881 2707 indicat.
889 2646 1032 2708 Praeterea
1043 2645 1199 2710 in‘scbedis
1207 2648 1359 2727 ipsius-et

274 2777 307 2817 ex
319 2777 420 2817 sorore
436 2757 570 2833 nepotis,
588 2754 643 2818 viri
654 2754 734 2817 dotti
746 2767 776 2815 et
787 2754 907 2836 optimi,
921 2754 1037 2815 Freder.
1050 2755 1177 2816 Bonneti
1189 2768 1225 2828 '‚
1242 2755 1358 2833 reperio

277 2855 401 2915 cundem
418 2856 581 2915 Mediceum
595 2856 757 2918 Nummum
776 2854 818 2916 sic
834 2855 1027 2933 descriptum:
1038 2886 1053 2909 «ι
1066 2867 1360 2919 ΚΔΙΣΔΡΕΩΝΚΟΥ-

277 2974 412 3025 ΠΕΔΙΟΣ.
442 2961 512 3043 Cup.
534 2964 610 3041 Aug.
632 2964 668 3023 ln
689 2962 821 3036 Aversa,
851 2961 922 3044 Cup.
949 2963 1098 3023 burbatwn
1117 2984 1128 3021 .·
1149 2974 1357 3026 ΜΕΝΔΝΔΡΟΣ

278 3083 498 3134 meremor.
519 3070 616 3150 Hujus
636 3070 794 3131 Menandri
810 3068 895 3154 [est]
910 3070 1033 3131 Ovidius
1047 3070 1214 3131 Rondanini
1227 3082 1257 3131 et
1270 3072 1360 3133 Pollio

276 3179 396 3257 Regino
409 3180 527 3241 Succicu·
546 3190 733 3241 ΠΑΡΡΔΣΙΟΥ
747 3224 757 3253 ,
770 3179 802 3239 iu
820 3177 957 3239 Mosellio
974 3198 1019 3239 me
1036 3174 1141 3238 vidisse
1156 3176 1277 3237 memini
1287 3220 1297 3253 ‚
1308 3176 1358 3239 sed

278 3306 345 3346 cum
354 3286 474 3367 templo.
487 3285 577 3346 Unde
588 3285 723 3369 colligere
734 3285 804 3354 licet
810 3328 819 3359 ,
835 3284 866 3345 in
878 3282 973 3345 hocce
982 3283 1122 3345 Mediceae
1133 3284 1218 3345 Gens
1228 3284 1358 3345 Nunnno

278 3392 416 3454 Pollionis
431 3413 538 3451 nomen
558 3392 634 3451 baud
656 3390 868 3469 comparuisse,
882 3392 969 3471 idque
983 3413 998 3450 a
1013 3390 1059 3451 Cl.
1075 3390 1248 3472 Spunlremio
1262 3390 1295 3449 in
1309 3412 1359 3450 sun

278 3498 495 3575 descriptione,
521 3510 551 3558 et
568 3497 685 3579 quidem
702 3541 710 3571 ,
733 3509 766 3557 ut
783 3498 863 3572 dixi,
887 3518 923 3557 ex
944 3497 1120 3571 vultanus,
1143 3496 1357 3578 superadditum

279 3623 341 3666 esse
354 3626 362 3675 3
377 3614 463 3686 atque
480 3604 551 3665 adeo
568 3606 727 3667 Nummum
744 3604 904 3663 Mediceurn
922 3604 1042 3665 omnino
1057 3624 1154 3682 parem
1171 3603 1252 3667 alteri
1269 3604 1358 3664 Pem-

280 3709 435 3785 brulu'uno,
451 3724 481 3773 et
496 3712 739 3787 Rondnniuiano,
758 3734 810 3773 seu
825 3708 1044 3788 ottoboniano,
1063 3710 1169 3799 luisse:
1187 3710 1294 3795 quiippe
1309 3708 1357 3793 qni

313 3967 323 3999 ¹
342 3964 424 4018 Num.
437 3962 523 4047 impp.
536 3960 585 4015 Gr.
596 3960 625 4013 in
640 3961 709 4030 Aug.
722 3980 747 4031 p.
761 3956 789 4027 ζ,
804 3958 847 4014 ed.
860 3960 947 4013 Amst.

313 4082 325 4112 ²
343 4078 428 4149 Cujus
445 4076 649 4131 humanissimus
668 4076 770 4142 frater,
791 4075 866 4130 etin
885 4074 973 4129 officio
990 4094 1138 4144 successor,
1161 4074 1231 4129 easd-
1250 4074 1357 4129 schedas

277 4166 388 4219 'mecum
401 4162 597 4219 communicare
609 4160 732 4232 dignatus
744 4172 801 4229 est,
815 4180 899 4231 quum
910 4159 1026 4250 Londini
1038 4161 1140 4232 publica
1151 4158 1356 4231 regisbornssit

284 4250 390 4320 negotia
400 4257 511 4305 curaret.
