3017 5000
415 436 513 505 rsa
537 439 571 505 r.
598 436 830 505 usssou.
1025 512 1029 516 ,
1095 460 1160 527 217

107 605 167 651 neu
183 576 350 663 observat,
375 576 534 651 Ovidium
551 574 587 649 iu
606 575 768 677 triumphi
785 573 1006 675 descriptione
1021 596 1159 663 canere,

107 693 270 795 platearum
287 722 369 768 suro
386 693 534 768 silicesre
554 694 663 769 roratis
678 693 830 767 erubuisse
851 692 926 765 rosr's
940 706 962 763 ¹.
981 690 1079 765 Unde
1093 691 1160 792 ipsi

105 810 235 901 ridetur,
258 838 388 885 uernum
412 810 519 885 saltem
538 811 616 883 aaut
629 825 768 911 ternpus,
795 809 826 883 si
843 838 904 883 uou
925 808 1056 895 oestots's,
1086 808 1161 883 suu's

102 924 220 997 udr'cma'.
712 928 717 933 ’

141 1042 258 1115 Verum
286 1052 332 1116 1⁰.
355 1040 440 1115 nihil
460 1060 511 1117 est
528 1068 682 1130 neeesse,
705 1060 745 1115 ut
763 1039 923 1123 Ovidium
946 1039 1029 1113 adeo
1047 1038 1160 1113 stricte

103 1156 134 1229 de
146 1158 213 1231 rou's
225 1158 330 1259 ipsis,
348 1157 398 1233 vel
413 1160 522 1233 vernis
533 1214 542 1247 ,
554 1158 605 1231 vel
617 1157 757 1247 aestivis,
772 1157 1041 1257 interpretemur;
1057 1182 1159 1256 quum

101 1275 192 1373 possit
203 1274 241 1348 de
247 1273 386 1376 ston'bus
399 1276 432 1349 iu
449 1303 567 1371 genere
584 1274 743 1369 intelligi,
760 1272 1041 1375 quemadmodum
1053 1273 1158 1348 Trist.

99 1390 146 1465 lib.
163 1396 220 1478 IV,
238 1391 333 1488 Eleg.
354 1410 403 1481 II,
430 1391 470 1503 de
488 1391 700 1492 Triumpho,
720 1419 818 1491 quem
840 1389 880 1464 de
902 1388 1078 1464 Germania
1100 1418 1157 1463 au-

99 1506 441 1600 gurabaturscanens‚
460 1505 507 1579 ait
523 1534 607 1579 vers.
627 1504 765 1605 [st-50²

244 1654 303 1708 llos
314 1672 394 1723 super
405 1654 433 1706 in
445 1672 540 1719 curru,
555 1652 656 1715 (ἕω,
669 1654 770 1707 victore
780 1654 884 1709 veheris

279 1746 433 1815 Purpureus
446 1746 535 1817 populi
548 1745 598 1799 rite
610 1764 714 1815 perora
726 1746 782 1809 tui;
903 1741 908 1761 '

243 1838 357 1907 Quaque
370 1838 432 1904 ibis,
445 1838 567 1891 manibus
579 1837 805 1908 circumplaudere
817 1848 944 1904 tuorum,

275 1929 403 1999 Undique
418 1930 585 1999 jactatofiore
595 1940 700 2000 tegente
712 1930 774 1983 vias.

99 2068 138 2130 2⁰.
157 2058 252 2133 Rosce
267 2058 404 2133 suerunt
420 2087 489 2131 nou
509 2057 610 2132 modo
633 2087 740 2132 rema
757 2065 794 2132 ‘ae
816 2058 953 2146 aestivae,
970 2056 1028 2131 sed
1045 2076 1079 2131 et
1094 2056 1153 2163 hy-

98 2170 198 2259 hmo,
220 2202 294 2275 quae
313 2172 364 2247 vel
378 2202 417 2248 ex
430 2174 583 2277 AEgypto
597 2172 848 2259 adferebantur,
867 2170 918 2246 vel
933 2172 968 2244 in
985 2172 1058 2272 ipsa
1072 2172 1156 2245 urbe

98 2288 186 2361 Roma
197 2289 443 2377 educabantur,
453 2290 504 2365 uti
515 2288 567 2363 vel
581 2318 619 2363 ex
629 2290 778 2365 Martiali
784 2307 892 2389 patet,
906 2286 966 2361 lib.
981 2290 1040 2377 lV,
1052 2290 1151 2389 Epig.

98 2426 186 2493 unm
204 2406 263 2481 lib.
282 2408 353 2494 Vl,
371 2407 471 2510 Epig.
491 2429 601 2495 lxxx,
619 2425 652 2483 et
668 2406 725 2480 Iib.
745 2408 851 2493 XIII,
869 2404 969 2508 Epig.
987 2424 1124 2479 cxxvn.

131 2521 283 2599 Pratum
294 2522 380 2598 illud
393 2542 644 2619 argumentum,
656 2552 723 2623 quo
741 2521 916 2596 Bucherius
925 2531 938 2560 ²
947 2523 1020 2622 ipse
1034 2522 1151 2595 trium·

96 2635 141 2734 phi
163 2667 285 2714 annum
310 2638 505 2728 coufirmat,
524 2635 615 2712 illam
632 2666 768 2739 quoque
789 2635 853 2710 loci
872 2635 1028 2710 ovidiani
1045 2635 1151 2709 inter·

94 2757 293 2854 pretationem
311 2757 477 2832 convellit.
499 2792 516 2822 «ι
538 2757 792 2842 Germanicum,
809 2756 857 2828 ait
873 2754 915 2828 cl.
929 2755 999 2844 vir,
1017 2753 1150 2828 nonnisi

97 2889 221 2947 »exacto
244 2873 404 2946 consulatu
423 2871 548 2974 (quem
569 2870 694 2945 scilieet
719 2871 785 2944 hoc
810 2898 898 2943 anno
926 2870 1087 2966 gerebat)
1113 2869 1148 2942 in

95 3023 109 3052 a
126 2991 256 3068 Galliam
279 2992 528 3067 Germaniamve
550 2988 718 3086 Belgicam
739 2990 781 3065 ab
809 2993 963 3086 Augusto
986 2991 1146 3077 missum,

97 3111 239 3188 ”adserit
262 3112 447 3188 Suetonius
469 3109 576 3207 Calig.
603 3139 676 3211 cap.
696 3109 728 3182 8.
760 3110 934 3206 Quorsum
958 3127 1024 3182 tam
1047 3113 1149 3183 sero?

95 3255 108 3284 π
125 3225 190 3302 Nisi
208 3227 302 3328 quod
321 3244 392 3299 tum
407 3225 551 3326 primum
567 3224 724 3300 Tiberius
743 3253 763 3298 a
782 3223 957 3298 Germania
972 3224 1147 3312 rediisset,

96 3371 109 3400 »
123 3341 158 3416 de
173 3342 353 3417 Pannoniis
362 3341 590 3442 Delmatisque
603 3342 736 3417 demum
746 3340 1000 3442 triumphasset,
1010 3342 1146 3443 ejusque

95 3457 284 3560 »triumpho
310 3459 527 3534 Germanicus
551 3477 632 3533 tunc
655 3457 774 3533 consul
800 3457 1022 3546 interfuisset,
1041 3477 1105 3534 etc.
1127 3493 1144 3526 u

91 3573 145 3646 llee
160 3605 233 3651 sane
249 3575 381 3651 videtur
393 3576 549 3652 Tiberius
562 3574 713 3677 potuisse
725 3572 905 3650 exercitum
918 3575 954 3647 in
971 3576 1145 3651 Germania

89 3687 257 3767 adhucdum
267 3691 450 3768 rebellante
463 3693 532 3768 sine
545 3691 628 3766 duce
638 3691 836 3793 relinquere,
846 3709 1022 3794 antequam
1031 3695 1145 3796 copias

89 3800 115 3874 iu
128 3803 257 3882 hiberna
275 3807 476 3884 deduxisset.

125 3921 265 3998 Tandem
282 3953 385 4025 quum
402 3923 545 3998 Ovidius
561 3951 725 4027 nusquam
738 3925 836 4002 istius
849 3926 1011 4028 triumphi
1026 3925 1144 4000 memi-

115 4119 121 4146 ¹
137 4117 190 4172 tib.
201 4119 226 4173 ll
239 4141 270 4175 ex
282 4123 360 4177 Pont.
375 4121 423 4191 Ep.
439 4140 462 4190 r,
476 4141 541 4175 vers.
553 4125 592 4174 Is.

114 4209 124 4238 ²
138 4209 205 4282 Belg.
217 4213 293 4271 Rom.
309 4214 352 4268 lib.
367 4213 426 4284 III,
439 4233 493 4284 cap.
505 4215 520 4270 3
531 4251 538 4282 ,
551 4213 573 4284 S.
585 4217 608 4267 8,
