3017 5000
310 490 357 557 86
589 492 628 555 P.
657 488 847 555 OVIDII
873 488 1118 557 NASONIS

312 631 455 733 Scripsit
469 646 502 705 et
515 629 669 704 Medeam
682 630 894 727 tragaediam,
915 629 956 704 de
971 658 1036 731 qua
1051 628 1191 704 maxime
1205 646 1239 715 et
1254 658 1274 705 a
1289 630 1400 740 Quin-

312 751 448 838 tiliano,
464 767 526 823 eta
539 746 695 824 Cornelio
705 748 822 825 Tacito
833 748 989 825 laudatus
1002 767 1074 823 est:
1090 748 1138 823 ait
1150 748 1239 824 enirn
1250 742 1398 826 Fabius:

313 864 428 942 Ovidii
438 864 558 940 Medea
568 865 733 955 ostendit,
748 882 911 967 quantum
924 867 975 940 vir
986 864 1045 939 ille
1056 883 1212 966 prestare
1227 868 1398 968 potuerit,

313 982 342 1057 si
352 982 485 1078 ingenio
494 1010 556 1055 suo
566 1000 747 1084 temperare
756 1040 765 1070 ,
775 1012 873 1084 quam
882 981 1054 1079 indulgere
1063 979 1244 1058 maluisset
1257 983 1400 1082 Summo

312 1102 411 1176 etiam
428 1129 503 1175 eum
520 1098 624 1174 fuisse
641 1097 770 1199 judicic
786 1100 933 1175 ostendit
950 1101 1090 1188 Seneca,
1116 1100 1152 1175 in
1170 1102 1206 1173 Il
1224 1099 1402 1176 Declama-

314 1217 446 1291 tiouum
464 1218 511 1291 sic
523 1216 680 1318 inquiens
691 1246 698 1289 :
710 1218 865 1313 Rogatus
877 1215 1058 1318 aliquando
1072 1216 1116 1289 ab
1129 1216 1243 1290 amicis
1254 1218 1344 1305 suis,
1361 1235 1402 1291 ut

316 1333 447 1409 tolleret
463 1352 530 1409 tres
547 1362 682 1423 versus,
700 1334 820 1435 petivit
831 1333 995 1421 invicem,
1015 1350 1054 1406 ut
1071 1350 1140 1407 tres
1158 1333 1345 1435 exciperet,
1364 1334 1404 1406 in

316 1481 402 1553 quos
417 1450 485 1526 illis
502 1448 587 1523 nibil
601 1447 725 1524 liceret.
745 1450 1023 1551 Conscripserunt
1040 1447 1108 1537 illi,
1129 1478 1215 1551 quos
1233 1447 1307 1522 tolli
1330 1447 1405 1522 vel·

316 1566 406 1658 lent,
423 1586 550 1643 secreto
567 1568 623 1642 hic
642 1596 729 1669 quos
747 1585 839 1644 tutos
855 1596 927 1643 esse
944 1566 1053 1643 vellet.
1077 1570 1119 1641 lu
1136 1567 1288 1669 utrisque
1305 1566 1406 1641 codi-

321 1684 408 1761 cillis
424 1686 526 1760 iidem
541 1713 657 1760 versus
670 1703 775 1759 erant.
800 1687 852 1759 Er
868 1684 996 1785 quibus
1012 1685 1159 1785 primum
1174 1683 1277 1759 fnisse
1292 1712 1406 1759 narra

316 1804 376 1879 bat
392 1802 622 1878 Albinovanus
640 1804 752 1893 Pedo,
774 1804 832 1904 qui
849 1801 937 1877 inter
949 1803 1096 1878 arbitros
1113 1802 1203 1877 fuit:

486 1950 712 2021 Semibovemque
721 1950 826 2016 virum,
837 1949 1048 2020 semivirumque
1059 1950 1172 2015 bovem,

321 2068 502 2143 secundum
520 2098 528 2141 :

487 2215 629 2286 Egelidum
642 2216 766 2282 Borean,
778 2215 964 2286 egelidumque
974 2215 1078 2269 Notum
1091 2233 1099 2268 :

322 2373 361 2418 ex
380 2373 449 2445 quo
466 2358 618 2446 apparet,
637 2341 757 2416 summi
772 2341 897 2439 ingenii
912 2343 985 2415 viro
1003 2350 1071 2415 uon'
1081 2338 1243 2440 judicium
1258 2336 1407 2413 defuisse

323 2459 365 2536 ad
383 2458 660 2560 compescendum
677 2456 845 2533 licentiam
871 2460 1052 2534 carminum
1079 2485 1234 2545 suorum,
1252 2455 1311 2530 sed
1327 2456 1408 2531 ani-

322 2610 414 2655 mum
430 2577 561 2654 :aiebat
573 2578 662 2652 enim
677 2577 899 2654 decentiorem
915 2608 988 2654 esse
1000 2579 1136 2667 faciem,
1149 2579 1187 2651 in
1202 2604 1269 2678 qua
1281 2574 1407 2677 aliquis

323 2728 435 2774 naevus
451 2700 582 2772 inesset.
613 2698 666 2769 De
691 2695 813 2770 Medea
832 2698 995 2793 tragoedia
1016 2698 1089 2798 ipse
1112 2695 1160 2771 sie
1180 2694 1330 2770 meminit
1353 2723 1409 2770 se-

326 2813 437 2888 cundo
455 2811 496 2884 de
511 2810 682 2886 Tristibus
699 2839 706 2883 :

491 2957 527 3012 Et
538 2956 660 3011 dedimus
672 2957 775 3027 tragicis
783 2958 912 3027 scriptum
921 2956 1009 3028 regala
1020 2956 1157 3012 cothurnis
1168 2975 1178 3011 ι

521 3049 644 3120 Quaeque
657 3049 742 3118 gravis
753 3049 834 3105 debet
844 3051 926 3104 verba
934 3050 1082 3105 cothurnus
1093 3049 1181 3104 babet

329 3175 531 3278 Composuit
548 3193 581 3247 et
597 3174 720 3249 librum
745 3176 781 3248 in
801 3173 908 3249 malos
930 3191 1066 3276 poetas,
1088 3173 1146 3274 qui
1174 3201 1245 3245 non
1270 3187 1407 3259 exstat;

326 3292 404 3366 item
415 3291 450 3363 iu
464 3287 580 3364 exsilio
592 3287 779 3393 Epistulam
791 3287 1047 3363 consolatoriam
1063 3284 1105 3360 ad
1117 3285 1245 3360 Liviam
1257 3286 1409 3380 Augusti

327 3405 366 3480 de
385 3420 492 3478 morte
509 3404 611 3478 Drusi
630 3434 639 3492 ·,
667 3404 708 3478 de
722 3403 894 3478 Tristibus
919 3403 1018 3477 etiam
1047 3401 1156 3476 libros
1174 3401 1345 3502 quinque;
1367 3399 1409 3474 de

324 3527 436 3598 Ponto
453 3521 558 3596 libros
575 3539 743 3620 quatuor,
771 3519 806 3592 in
821 3521 916 3608 Ibiu3
935 3521 1114 3593 Fastorum
1132 3517 1239 3591 libros
1254 3520 1344 3606 XII,
1369 3545 1411 3591 ex

328 3641 451 3742 quibus
477 3667 533 3713 sex
559 3656 688 3711 tantum
709 3637 749 3711 ad
776 3656 891 3711 nostra
916 3655 1065 3738 tempora
1090 3651 1338 3737 pervenerunt:
1367 3635 1411 3708 de

328 3757 452 3858 quibus
469 3755 516 3828 sic
532 3755 603 3855 ipse
623 3757 655 3828 ΙΙ
675 3753 714 3830 de
731 3753 924 3830 Tristibus:

492 3909 543 3962 Seu
556 3927 605 3978 ego
618 3908 757 3962 Fastorum
769 3908 858 3977 scripsi
870 3907 1037 3978 totidemque
1048 3905 1163 3973 libellos,

525 3997 649 4066 Cumque
663 4014 710 4052 suo
723 3999 806 4052 sruem
819 4009 911 4053 mense
923 3999 1024 4054 llbellus
1037 3999 1124 4053 habet.

328 4126 470 4228 Scripsit
492 4144 525 4200 et
541 4125 766 4228 Triumphum
794 4127 954 4216 Caesaris,
978 4127 1021 4202 de
1046 4157 1115 4228 quo
1131 4127 1183 4202 ΙΙΙ
1201 4125 1242 4200 de
1263 4125 1407 4215 Ponto,

326 4243 419 4338 Eleg.
440 4263 491 4331 tv,
510 4243 557 4316 sie
573 4241 740 4316 meminit:
