3017 5000
629 465 752 533 IBIS.

162 608 263 706 thue
279 621 473 680 necatorum
493 605 593 680 Darei
611 605 727 679 fraude
745 603 900 691 secundi,

201 724 253 797 sic
272 743 328 798 tua
347 724 523 800 subsidens
541 723 676 798 devoret
694 751 752 799 ora
767 723 871 796 cinis:

158 843 239 926 Aut,
256 859 295 915 ut
309 839 457 916 olivifera
476 839 648 942 quondam
666 840 810 942 Sicyone
826 841 964 935 fugato,

198 955 250 1028 Sit
265 955 372 1050 frigus
390 955 508 1030 mortis
528 984 625 1030 causa
641 954 811 1057 saniesque
827 972 914 1029 tue:
1177 976 1228 1028 320

155 1069 238 1155 Aut,
257 1086 297 1142 ut
312 1069 506 1155 Atarnites,
518 1065 651 1144 ins'ntus
666 1068 753 1168 pelle
768 1070 899 1168 juvenci

197 1183 357 1284 Turpiter
372 1185 415 1257 ad
430 1185 604 1260 dominum
622 1177 737 1285 preda·
748 1181 853 1256 serare
872 1200 988 1258 tuum:

153 1299 254 1399 Inque
274 1316 334 1374 tuo
350 1299 496 1393 thalamo
513 1303 581 1375 ritu
597 1299 748 1400 iugulere
766 1300 918 1385 Pheraei,

197 1415 269 1511 Qui
285 1415 381 1488 datus
399 1433 449 1488 est
465 1415 531 1489 leto
548 1415 700 1516 conjugis
720 1444 797 1490 ense
815 1441 906 1490 sue:

153 1527 313 1628 Quosque
330 1545 431 1629 putas
446 1528 551 1617 lidos,
569 1549 609 1604 ut
624 1529 804 1605 Larisaeus
821 1530 967 1619 Alebus,
1176 1552 1227 1607 sas

197 1646 345 1720 Vulnere
361 1675 431 1721 non
445 1647 532 1722 lidos
545 1649 713 1751 experiare
729 1666 809 1722 tuot·

150 1765 260 1865 thue
279 1764 409 1854 Milon,
428 1766 492 1840 sub
512 1794 580 1866 quo
595 1766 741 1841 cruciata
758 1784 810 1840 est
826 1766 905 1840 Pisa
922 1783 1091 1867 tyranno,

196 1883 303 1956 Vivus
319 1883 355 1955 in
374 1882 520 1957 occultas
534 1883 752 1985 praecipiteris
768 1912 892 1985 aquas:

149 2064 199 2114 que
208 2047 277 2102 Nm
283 2045 362 2111 disis,
376 2047 437 2116 quia
446 2045 528 2102 flante
542 2057 663 2101 tantum-
712 2051 831 2104 Hectore
843 2048 909 2104 duce
918 2047 986 2119 regis
994 2049 1136 2103 Persarum
1146 2088 1153 2116 ,
1164 2051 1228 2104 etin

149 2123 229 2180 nodo
237 2124 379 2182 Austrolit
389 2125 431 2180 illu
442 2143 584 2180 arenarum
595 2137 663 2180 teru-
711 2141 870 2201 potestatem
879 2130 1024 2185 redactum.
1035 2131 1152 2201 Atquod
1161 2130 1229 2186 ovi-

149 2217 250 2274 pertus,
265 2216 295 2260 ut
309 2215 402 2262 auctor
413 2217 453 2259 est
466 2206 621 2260 Herodotus
635 2217 663 2262 ct
712 2209 772 2263 dius
784 2211 837 2275 ait,
855 2213 967 2263 insutum
980 2212 1049 2275 pelle
1058 2210 1179 2275 juvenci.
1198 2209 1227 2264 id

148 2286 318 2340 Arrianusin
331 2287 420 2340 tertio.
711 2287 744 2342 de
757 2288 870 2342 Hermia
880 2287 926 2358 qui
935 2287 1063 2342 scriberet
1075 2287 1161 2343 adbuc
1169 2308 1227 2343 non

179 2367 237 2434 3¹7·
251 2368 337 2435 [Itque
353 2377 498 2422 necatorum
514 2369 604 2421 Dmr'.
619 2367 662 2420 De
712 2365 774 2420 ridi.
786 2367 856 2418 Vre.
869 2366 962 2419 Aaou.

148 2441 312 2515 Oelroaliqui
320 2444 421 2498 dictum
431 2446 542 2512 volunt,
553 2444 601 2515 qui
609 2444 662 2498 Da·
739 2436 1100 2514 3s3.1rquetuolhalamo.ln
1107 2443 1226 2497 secundo

147 2534 254 2578 remest
262 2524 362 2587 dietum
372 2526 447 2593 wius
458 2526 594 2580 historiam
603 2524 663 2577 Val.
711 2525 875 2581 officiorum
888 2525 966 2579 docet
979 2522 1093 2591 Cicero,
1109 2524 1227 2579 Alexan·

148 2602 218 2655 Max.
234 2602 279 2655 lib.
295 2604 354 2669 lX,
368 2622 425 2674 cap.
442 2626 470 2671 a,
486 2603 521 2658 de
539 2602 662 2659 ensdeli-
710 2606 791 2662 drum
798 2608 939 2663 Pberaeurn
946 2627 1055 2662 uxorem
1063 2607 1176 2662 Theben
1184 2608 1227 2662 ad·

147 2690 199 2733 tate
209 2701 216 2743 ς
227 2680 279 2733 vol.
289 2680 333 2747 ll,
345 2686 457 2751 pag-151
469 2720 477 2748 ,
488 2692 570 2737 nostr.
581 2682 645 2735 edit.
710 2686 822 2739 modurn
837 2686 954 2740 dilexisse
969 2706 975 2739 :
989 2696 1079 2739 tamen
1095 2705 1126 2739 ex
1143 2685 1226 2755 epulis

178 2762 237 2815 31&
244 2763 662 2817 memsacmdersdeoomom
710 2766 742 2819 ad
756 2785 815 2819 eam
827 2767 855 2820 in
864 2766 1015 2821 cubiculum
1027 2786 1109 2835 quum
1117 2786 1226 2820 secon-

147 2845 219 2893 cr‘sr's.
238 2840 377 2893 Sebrr’ders
398 2840 516 2910 plerique
539 2850 661 2907 veteres,
708 2845 827 2911 serebat,
842 2845 984 2899 barbarum
1003 2845 1120 2898 districto
1135 2844 1223 2915 gladio

147 2918 268 2971 nonnulli
277 2918 358 2972 etism
368 2936 449 2983 essa,·
465 2917 502 2973 sie
513 2921 625 2973 cousins
634 2924 662 2971 1¹ae
708 2924 817 2993 jubebat
828 2922 947 2977 anteire:
958 2923 1044 2993 deque
1057 2923 1225 2992 stipatoribus

146 2999 300 3064 r'pesllr'm
308 2994 436 3066 Virgilio,
447 2996 554 3049 AEneld.
563 2996 607 3048 lib.
615 2996 659 3063 ll,
709 3002 763 3057 suis
769 3003 963 3072 praemittebat,
976 3003 1022 3071 qui
1031 3002 1172 3056 muliebres
1182 3024 1225 3056 ar-

148 3075 254 3141 cebat,
263 3074 394 3128 etNostm
402 3074 513 3128 blesam.
525 3075 596 3129 Xlll
604 3114 611 3139 ,
625 3094 661 3127 vs.
709 3081 780 3135 cuias
792 3091 1035 3150 perscrutarentur.
1055 3081 1117 3135 Non
1134 3091 1224 3135 tamen

149 3155 220 3221 tos:
240 3174 254 3200 κ
270 3154 338 3208 lliou
356 3154 483 3221 ardebat,
502 3174 553 3209 nec
575 3153 661 3211 adbuc
709 3176 772 3211 eum
784 3157 880 3212 fetetne
892 3158 984 3227 opinio
998 3177 1004 3211 :
1016 3176 1080 3211 nam
1093 3158 1126 3212 ab
1142 3180 1224 3214 uxore

149 3232 304 3286 mnsaderst
314 3232 390 3301 ignis.
401 3254 414 3279 υ
427 3232 530 3289 Herus.
708 3246 819 3305 propter
834 3235 969 3305 pellicetus
987 3236 1164 3305 suspicionem
1184 3250 1225 3294 est

180 3314 663 3387 3r9.Art,rtoIr'm'ſs·ra.Neocles(rel
708 3314 873 3369 interfectus.

149 3392 285 3458 llioscles)
299 3393 429 3458 Tbuseus,
438 3412 469 3445 er
477 3392 591 3464 Sicyone
601 3393 662 3461 pul·
741 3394 800 3466 325.
822 3396 939 3461 Quosque
952 3402 1031 3459 putas
1040 3395 1120 3463 fidos.
1132 3393 1223 3447 Thio-

148 3490 204 3533 Μ,
217 3473 345 3525 omnibus
360 3471 422 3525 vite
440 3469 565 3541 presidiis
579 3471 662 3525 desti-
708 3470 840 3524 damantis
850 3469 920 3523 lilius
930 3469 982 3522 luit
992 3469 1103 3536 Alebas,
1118 3470 1164 3539 qui
1174 3470 1225 3524 La-

150 3552 454 3623 ramstameertrigooe
464 3562 580 3605 mortem
587 3552 660 3606 obiit
709 3551 780 3603 risse
795 3549 826 3601 iu
839 3547 974 3602 Thessalia
990 3547 1158 3602 dominatum
1173 3550 1224 3603 ha-

179 3630 237 3683 tn.
254 3632 325 3692 Ans,
346 3640 376 3683 ut
390 3634 560 3684 Acbarm'des.
573 3632 661 3683 Arar-
708 3630 773 3683 buit.
795 3626 950 3696 satellites,
978 3627 1076 3681 civium
1103 3629 1221 3695 timore,

146 3714 212 3761 estes
222 3710 251 3761 in
263 3708 435 3773 melioribus,
449 3709 520 3778 quud
531 3707 661 3763 Tumebo
710 3710 805 3763 Alc-bas
817 3707 849 3761 ad
861 3706 1007 3761 custodiam
1018 3706 1147 3772 habebat,
1158 3726 1224 3776 quos
1327 3753 1331 3759 .

148 3788 175 3841 in
188 3788 353 3843 Adversariis
367 3788 507 3857 probatum
519 3800 566 3844 est.
579 3790 616 3843 Η.
627 3818 661 3832 -·
708 3788 777 3841 lidos
793 3788 841 3842 sibi
863 3785 1036 3840 existimabat.
1058 3786 1094 3841 At
1112 3788 1144 3840 ab
1163 3788 1223 3857 ipsis

149 3866 284 3921 Atmites.
299 3866 334 3919 Et
351 3865 384 3919 de
400 3866 514 3919 Hermia
525 3865 659 3935 intellige,
707 3876 798 3936 postea
809 3876 849 3919 est
859 3864 1036 3928 interiectus,
1053 3865 1114 3919 vide
1131 3866 1224 3921 Aleia-

89 2576 100 2615 t

154 3944 262 3999 Arm
273 3962 346 4014 rege,
355 3944 409 3998 sive
419 3956 659 4017 tyranno,utrecte
708 3954 785 4009 tum,
801 3943 845 3996 lib.
858 3942 897 3995 Vl
910 3942 1016 4012 Parerg.
1030 3963 1086 4013 cap.
1099 3964 1139 3997 ar.

149 4021 265 4077 Turneb.
288 4024 331 4076 lib.
355 4023 396 4079 lX
418 4022 530 4077 Adsere.
549 4024 660 4091 capati.
741 4023 1223 4093 827.thuedlae'lo.tl!1‘lor.luret.Sar-

150 4102 450 4169 AdditeDiodom,lib.
459 4103 661 4167 XVl,Turne-
708 4120 761 4155 rar.
774 4111 802 4154 et
813 4099 867 4154 duo
879 4100 929 4154 alii,
944 4100 1021 4153 ll.-
1036 4102 1118 4170 thue
1130 4104 1222 4156 Milon

149 4180 194 4235 bus
205 4222 213 4249 ,
226 4182 369 4237 llermiam
384 4220 391 4247 ‚
411 4182 472 4251 quia
490 4201 504 4234 a
519 4182 660 4235 Persarum
708 4180 825 4235 Miloues
838 4180 926 4250 plures
936 4179 1014 4235 luisse
1026 4192 1129 4236 constat
1140 4202 1146 4234 :
1157 4201 1224 4251 quo-

149 4278 207 4331 rege
225 4260 364 4317 deiecerat
374 4300 382 4329 ,
398 4260 609 4315 circumventum
629 4260 661 4313 ab
708 4277 772 4312 rum
782 4257 891 4328 quidam
908 4257 996 4312 Pisaru
1015 4258 1105 4313 Elidos
1120 4261 1223 4327 tenuit,
