3017 5000
351 471 409 537 128
678 470 718 535 P.
752 468 931 539 ovlnll
967 469 1095 537 VITA

509 632 564 687 Seu
577 632 693 702 trepidos
705 633 737 687 ad
751 635 810 703 jura
821 637 907 689 decena
918 634 982 689 citat
991 634 1200 695 hortantem,

509 722 545 777 Et
556 722 662 777 firmare
675 723 750 791 jubet
763 725 959 791 ceateaojadr'ce
970 743 1067 779 causas.

346 812 547 939 issorumdem
572 865 645 965 jura
666 866 776 939 Cesar
791 866 965 961 Augustus
982 867 1088 952 auxit,
1104 866 1228 967 quippe
1246 866 1323 967 qui,
1340 894 1413 940 nar-

345 996 437 1053 rante
455 978 616 1053 Suetonio
639 988 671 1069 ¹,
687 1000 805 1054 auctor
819 981 903 1070 suit,
919 981 1159 1055 centumviralem
1173 980 1309 1067 hasmo,
1326 1010 1413 1082 paam

342 1113 497 1199 parastum
498 1096 608 1198 sancti
617 1113 830 1172 consueverant
842 1126 964 1199 cogere,
989 1099 1149 1175 decoranti
1161 1113 1305 1201 cogerent.

255 1312 259 1324 Ι
394 1215 445 1291 Cl.
461 1244 538 1290 vero
558 1217 706 1290 Graevius
723 1225 736 1253 ²
754 1215 940 1303 affirmans,
958 1216 1161 1302 decernriros,
1182 1244 1250 1289 non
1267 1244 1362 1289 secus
1379 1242 1414 1289 ac

344 1358 459 1406 omnes
469 1332 597 1431 judices
608 1350 640 1405 et
650 1331 891 1418 centumviros,
895 1332 991 1425 sarisa
995 1331 1149 1430 paratos,
1167 1330 1226 1403 hoc
1236 1345 1299 1414 est,
1316 1330 1414 1403 aaltos

342 1449 553 1549 magistratus,
570 1447 634 1521 sine
646 1447 772 1546 rirsperr'o
785 1462 816 1521 et
822 1459 995 1546 potestate,
1022 1446 1203 1521 revincitur
1218 1444 1268 1519 vei
1284 1474 1325 1519 ex
1343 1444 1413 1520 solo

342 1564 523 1665 Pomponii
538 1562 613 1636 loco
629 1563 694 1662 jam
712 1560 862 1663 prolato,
880 1560 939 1634 ubi
957 1560 1078 1636 diserte
1098 1583 1120 1635 x
1138 1562 1263 1634 viratus
1279 1578 1414 1635 vocatur

342 1681 544 1781 mafflstratas.
565 1680 666 1751 Hunc
685 1705 884 1777 omnemque
896 1675 1156 1771 vigintiviratum
1171 1680 1206 1751 in
1220 1698 1354 1754 senatus
1365 1710 1414 1754 ar·

342 1798 446 1872 bitrio
464 1794 527 1870 sub
544 1794 683 1869 Tiberio
699 1793 820 1880 fuisse,
842 1791 941 1865 docet
958 1793 1095 1868 Tacitus
1115 1792 1139 1882 ³,
1158 1824 1259 1895 quum
1277 1797 1410 1884 scribit,

342 1944 417 1991 eum
434 1941 452 1986 a
472 1909 625 2013 patribus
646 1906 886 2009 postulavisse,
906 1926 942 1983 ut
961 1910 1075 1996 Nero,
1104 1910 1289 1985 Germanici
1304 1912 1410 1997 filius,

340 2034 462 2105 mamre
482 2023 660 2127 capessendi
672 2024 894 2123 vigintiviratus
909 2024 1080 2099 solveretur.
1107 2024 1241 2101 Scilicet
1257 2030 1410 2129 princeps

340 2146 397 2221 ille
415 2141 525 2219 statim
543 2155 623 2241 post
639 2136 786 2233 Augusti
802 2137 931 2211 obitum
946 2136 1000 2237 jus
1016 2136 1159 2233 eligendi
1172 2142 1411 2238 magistratusa

340 2257 471 2366 populo
487 2257 529 2331 ad
546 2271 696 2329 senatum
712 2271 909 2339 removerat,
926 2270 965 2325 ut
977 2270 1053 2327 ante
1065 2255 1201 2329 Tacitus
1217 2254 1230 2302 ⁴
1245 2260 1409 2333 narravit:

345 2412 362 2445 a
381 2378 468 2450 Tum
484 2370 629 2472 primum
646 2396 664 2440 e
683 2394 801 2467 campo
818 2365 952 2453 comitia
966 2366 1008 2439 ad
1020 2385 1130 2467 patres
1142 2370 1301 2445 translata
1314 2391 1409 2461 sunt;

343 2529 362 2560 »
382 2518 456 2564 narn
466 2486 508 2562 ad
519 2513 590 2560 eam
599 2482 707 2568 diem,
724 2481 787 2556 etsi
798 2479 970 2583 potissima
978 2479 1117 2556 arbitrio
1132 2474 1312 2586 principis,
1324 2515 1412 2589 qua·

342 2643 360 2676 »
381 2608 457 2690 dam
474 2621 586 2676 tamen
604 2596 724 2671 studiis
741 2595 890 2670 tribuum
903 2595 1044 2685 fiebant,
1062 2615 1122 2672 etc.
1142 2632 1158 2662 a

390 2719 494 2796 Aliud
505 2733 656 2818 superest
668 2713 883 2788 decernamus
896 2712 1123 2814 privilegium,
1138 2714 1228 2814 quod
1239 2715 1297 2789 hic
1306 2717 1409 2792 fusius

339 2833 561 2916 enarrandum
578 2829 689 2915 venit,
714 2857 818 2928 quum
837 2828 879 2901 ab
897 2828 1022 2903 Ovidio
1039 2828 1083 2902 sit
1096 2827 1296 2919 indicatum,
1312 2851 1409 2935 atque

339 2955 382 3030 ad
399 2953 469 3051 ejus
485 2949 647 3022 honorem
666 2960 808 3044 spectet,
827 2971 889 3016 nec
905 2944 985 3017 satis
1000 2943 1173 3044 hucusque
1187 2942 1297 3018 doctis
1314 2945 1409 3019 inter·

338 3069 491 3175 pretibus
504 3061 708 3139 intellectum
722 3060 834 3134 suerit.
853 3063 906 3134 En
924 3061 1067 3161 primum
1082 3061 1154 3164 ipsa
1168 3082 1274 3163 poetae
1291 3065 1405 3154 uerba,

337 3189 426 3260 Fast.
448 3180 506 3255 tib.
523 3180 583 3265 lt,
601 3203 683 3250 vers.
703 3169 888 3274 377-382:

503 3355 588 3407 Tertia
600 3351 644 3404 lux
658 3347 805 3416 (memini)
816 3351 888 3401 ladas
900 3357 958 3401 erat
968 3367 974 3400 :
985 3357 1012 3401 at
1021 3347 1088 3402 mihi
1098 3347 1206 3418 quidam

533 3443 669 3514 Spectanti
681 3442 785 3507 senior,
799 3439 988 3510 contiguaeque
1000 3439 1075 3506 loco,

499 3533 580 3598 Haec,
594 3528 647 3596 air,
661 3527 704 3582 itta
716 3527 786 3593 dies,
800 3524 902 3598 Libycis
913 3545 965 3594 qua
977 3523 1066 3581 Cesar
1076 3525 1104 3578 in
1116 3527 1168 3580 oris

533 3619 641 3673 Perfida
652 3617 817 3688 magnanimi
828 3614 951 3669 contudit
962 3633 1036 3668 arma
1046 3617 1127 3669 Jatae.

500 3711 562 3764 Dux
573 3708 639 3762 mihi
653 3711 740 3762 Cesar
749 3708 881 3768 eramus
894 3725 948 3776 quo
961 3707 1088 3762 neruine
1100 3711 1220 3778 ¹tn'tarnrs

530 3801 639 3854 Glorior
650 3819 656 3851 :
670 3797 761 3853 otfieio
771 3797 875 3868 prefuit
886 3797 931 3852 itte
941 3817 1010 3852 meo.

367 3977 375 4005 ¹
394 3971 427 4026 ln
443 3969 509 4039 Aug.
522 3987 577 4037 cap.
590 3965 631 4019 36.

366 4061 378 4090 ²
395 4055 474 4112 pref.
489 4048 697 4116 tom.11,‘1'hes.
714 4047 805 4118 Antiq.
817 4049 896 4102 Rom.

367 4139 378 4174 ³
395 4137 491 4192 Annal.
504 4135 547 4189 lib.
561 4135 615 4199 111,
627 4152 682 4202 cap.
696 4151 734 4204 ²9·

366 4223 378 4256 ⁴
395 4219 491 4274 Annei.
505 4216 548 4269 tib.
564 4216 591 4280 l,
606 4233 660 4283 cap.
675 4217 712 4268 rs,
