3017 5000
350 507 418 575 un
442 508 482 573 P.
510 508 706 577 ovturo
729 508 954 577 Nasone.
1125 510 1192 606 4¹7

118 673 135 702 ι
148 647 317 723 Florentiae,
330 670 380 731 per
390 649 510 711 beredes
521 650 646 733 Philippi
660 653 782 725 luntre,
800 672 877 713 anno
886 650 1006 713 Domini
1020 652 1194 731 MDXXV,

115 749 266 811 Clemente
280 748 424 810 Pontifice
447 751 521 811 Max.
545 771 643 811 mense
660 749 765 831 Aprili.
779 778 795 805 n
817 782 858 799 -
872 753 993 827 Panrer,
1012 764 1084 814 tom.
1105 756 1169 815 VII
1183 796 1192 829 ,
1212 819 1216 825 ,

131 868 148 907 a
169 890 176 905 .
216 869 245 908 o.

110 871 168 932 {lg
195 845 216 921 4
612 925 701 991 1526.

154 1044 308 1107 Heroides.
324 1043 515 1125 Argentorati.
529 1042 625 1105 in-80.
637 1078 679 1090 -
694 1044 821 1122 Panrer,
835 1058 906 1108 tom.
922 1047 987 1121 IX,
1002 1070 1067 1133 pag.
1082 1048 1153 1133 374.

153 1143 236 1204 Libri
252 1144 289 1204 de
306 1146 380 1207 Arte
401 1144 525 1205 Amandi
544 1155 574 1204 et
590 1144 625 1204 de
640 1143 781 1205 Remedio
802 1146 921 1207 Amoris
939 1168 1010 1222 una,
1028 1170 1092 1209 cum
1109 1148 1194 1209 lacu-

110 1242 281 1305 lentissimis
299 1226 509 1305 commentariis
523 1242 622 1337 Barth.
637 1241 775 1321 Merula,
788 1256 818 1306 et
829 1244 890 1305 aliis
903 1244 1096 1307 additionibus
1112 1248 1196 1310 novis

110 1363 206 1426 nuper
232 1343 262 1404 iu
285 1334 379 1405 lucem
396 1343 501 1416 editis,
519 1342 729 1425 aptissimisque
751 1343 850 1427 figurip
873 1346 976 1406 ornati.
1012 1344 1192 1420 Tusculani,

109 1445 191 1507 amad
206 1432 358 1506 Benacum
373 1428 406 1504 in
424 1435 538 1504 adibus
548 1443 714 1504 Alexandri
731 1442 883 1521 Paganini.
906 1442 993 1520 iss-4⁰.
1009 1477 1051 1489 -
1067 1447 1193 1520 Panzer,
1277 1507 1280 1511 ,

34 1542 38 1566 ⁴
107 1553 183 1604 tom.
200 1546 299 1616 VIII,
314 1564 380 1625 pag.
396 1539 467 1605 333.

150 1642 195 1701 Ilo
214 1640 289 1701 Arte
308 1638 431 1701 Amandi
445 1650 476 1699 et
491 1638 663 1700 Remedium
679 1637 818 1710 Amoris,
843 1661 908 1699 cum
924 1651 1079 1700 comment.
1094 1642 1214 1701 Bartbn

108 1739 235 1801 Merulae
252 1751 282 1801 et
299 1738 370 1801 Gul.
385 1739 527 1801 Ramesei.
543 1739 684 1817 Lugduni.
699 1739 794 1815 irs-4⁰.
805 1737 943 1800 -Catal
955 1741 1085 1821 impress.
1099 1739 1195 1803 libro-

106 1858 174 1897 rum
192 1836 271 1897 Bibl.
287 1836 463 1898 Bodleianae.

148 1936 397 2014 Metamorphosis
413 1958 478 1996 eum
489 1933 724 1998 luculentissimis
736 1938 830 2019 Rapb.
847 1935 935 2020 Regii
948 1940 1194 2015 enarrationibus,

106 2036 214 2121 quibus
226 2035 356 2099 eumalio
371 2034 501 2117 quaedam
512 2028 652 2117 adscripta
663 2047 732 2095 sunt
750 2058 757 2093 :
777 2058 843 2117 quae
855 2035 886 2095 in
895 2036 1102 2117 exemplaribus
1113 2052 1196 2102 autea

104 2135 256 2219 impressis
270 2157 331 2196 non
357 2133 545 2197 inveniuntur
570 2156 576 2192 :
605 2145 668 2193 tum
687 2156 789 2195 eorum
804 2134 938 2217 apologia
961 2159 1027 2218 quae
1045 2136 1158 2199 fuerant
1180 2164 1196 2201 a

106 2236 282 2323 quibsrsdam
306 2216 487 2319 reprehensa.
506 2238 543 2295 In
564 2235 645 2297 fine:
671 2262 686 2288 «ε
707 2236 882 2318 Impressum
911 2237 1088 2315 Tusculani,
1116 2242 1198 2323 apud

103 2342 271 2413 Benacum,
295 2339 326 2397 ia
346 2337 455 2398 adibus
478 2335 644 2398 Alexandri
665 2337 818 2417 Paganini.
845 2337 1033 2399 MDXXVI.
1052 2368 1067 2393 n
1098 2342 1195 2419 irs-4⁰.

103 2462 173 2502 cam
232 2482 241 2498 .

143 2438 300 2602 Pullum
312 2536 378 2598 libri
388 2538 435 2598 VI
448 2582 457 2611 ,
479 2559 546 2598 cum
558 2549 712 2598 comment.
727 2534 851 2596 Antonii
864 2536 1050 2598 Constantini
1063 2551 1093 2600 et
1107 2539 1191 2599 Pauli

101 2639 195 2701 Marsi
208 2681 218 2713 ,
231 2660 264 2699 ac
280 2636 422 2698 Tristium
438 2636 502 2697 libri
518 2637 559 2696 V·
577 2633 752 2710 Tusculani,
767 2636 848 2718 apud
858 2637 1023 2710 Benacum,
1042 2639 1071 2698 in
1082 2639 1192 2698 adibus

102 2740 273 2804 Alexandri
293 2737 450 2816 Paganini.
466 2737 560 2812 ira-4⁰.
576 2770 618 2784 -
628 2737 756 2811 Panner,
773 2749 846 2797 tom.
862 2739 960 2812 VIII,
979 2761 1043 2822 pag.
1061 2739 1132 2816 334.

141 2843 192 2901 De
214 2839 311 2901 Ponto
335 2835 400 2897 libri
428 2837 487 2912 IV,
501 2849 531 2898 et
547 2835 718 2915 Opuseula,
740 2857 806 2896 cum
823 2849 978 2897 comment.
998 2839 1098 2899 Barth.
1119 2841 1191 2901 Me-

101 2944 186 3006 rulae·
210 2939 369 3000 Tusculani
375 2959 387 3010 ;
404 2939 483 3020 apud
502 2937 668 3012 Benacum,
689 2938 720 2996 in
735 2937 844 2996 cedibus
856 2939 1024 2999 Alexandri
1035 2939 1191 3019 Paganini.

99 3041 206 3116 {rr-4⁰.
218 3037 393 3112 -Panaer,
408 3033 478 3097 ibid.
793 3102 798 3113 ¹
1002 3064 1013 3084 .

141 3146 181 3202 ln
203 3137 292 3211 lbin,
321 3158 387 3196 cum
411 3133 590 3217 expositione
612 3133 759 3195 Calderini
776 3145 805 3197 et
821 3133 929 3195 ,lodoci
950 3135 1041 3196 Batti.
1059 3119 1191 3198 Parisiis.

98 3241 199 3315 irs-4⁰.
209 3269 252 3283 -
262 3238 388 3310 Panaer,
402 3246 475 3296 tom.
488 3233 569 3294 VIII
583 3275 592 3306 ,
608 3253 671 3318 pag.
689 3234 738 3317 95.

140 3345 215 3404 Des.
236 3337 347 3398 Erasmi
365 3336 468 3395 Roter.
487 3333 720 3395 Commentarius
734 3333 764 3393 in
781 3334 894 3394 Nucem
906 3333 1006 3397 Ovidii
1021 3347 1051 3395 et
1065 3335 1097 3394 in
1114 3337 1187 3399 duos

99 3442 241 3522 Hymnus
254 3435 415 3496 Prudentii.
433 3433 572 3508 Parisiis,
594 3433 674 3513 apud
691 3432 834 3492 Simonem
853 3431 1019 3492 Colinaum.
1036 3433 1127 3496 iu-80.
1144 3470 1186 3482 -

98 3541 231 3611 Panaca,
248 3545 320 3595 tom.
336 3534 435 3608 VIII,
453 3553 518 3614 pag.
535 3553 584 3616 97.

599 3647 686 3730 ¹5²7·

138 3773 265 3854 Opera,
282 3767 415 3848 castigata
431 3763 468 3824 ad
487 3763 572 3825 fidem
588 3775 718 3826 veterum
735 3761 937 3843 exemplarium
959 3784 976 3824 a
996 3765 1111 3829 Ioanne
1134 3768 1185 3830 Si-

97 3869 226 3934 ebardo.
243 3868 437 3929 Accesserant
453 3863 585 3925 omnium
600 3861 812 3935 additionibus,
830 3884 895 3943 quae
909 3862 941 3922 in
953 3862 1031 3926 bane
1047 3865 1123 3927 diem
1135 3890 1187 3927 ex-

97 3980 197 4040 stant,
213 3964 369 4049 stagnante
386 3961 515 4045 quadam
532 3960 632 4021 Ovidii
650 3959 786 4021 hactenns
802 3982 864 4022 non
879 3960 960 4035 visa,
986 3983 1021 4021 ex
1037 3960 1116 4024 libris
1132 3965 1183 4045 qui

95 4067 213 4150 periere
229 4062 487 4144 Epigrammaton,
512 4068 541 4117 et
558 4057 681 4118 Carmen
699 4056 924 4121 eruditissimum
933 4059 969 4119 ad
984 4060 1129 4122 Pisonem.
1147 4061 1183 4119 ln

94 4167 154 4228 fine
172 4187 180 4221 :
214 4187 231 4216 ι
244 4160 389 4234 Basileon,
415 4159 493 4242 opud
506 4156 651 4220 aldamum
669 4155 785 4216 Petncm
795 4200 806 4229 ,
836 4179 931 4217 manse
950 4159 1076 4231 Martiis,
1104 4179 1181 4218 anna

95 4261 311 4326 MDXXVII.
323 4287 338 4318 a
358 4261 454 4326 in-80.
465 4259 636 4335 -Panzer,
652 4268 725 4319 tom.
742 4257 810 4332 XI,
824 4279 888 4340 pag.
903 4254 974 4319 383.

226 4375 341 4445 VIII.
955 4395 999 4462 ²7
