3017 5000
426 498 525 567 aun
549 499 582 567 s.
608 456 836 571 nasson.

260 636 309 693 llla
321 637 377 693 dies
387 637 443 693 hac
454 649 508 700 est.
527 656 578 709 qua
589 649 615 693 te
628 638 762 702 celebrare
769 652 866 710 poete.

295 729 324 785 Si
338 730 420 784 modo
433 750 489 785 nou
500 730 598 787 fallunt
609 742 747 805 tempora,
766 737 890 794 Bacche,
910 734 1005 789 solent.

33 794 35 803 i
106 845 199 921 Addit
215 875 299 923 vers.
320 845 365 919 5:

257 996 334 1051 luter
346 1013 411 1065 quos
425 993 556 1063 memini,
569 996 636 1051 dum
647 1014 692 1051 rue
703 1016 766 1053 mea
776 997 830 1053 sata
840 997 979 1065 sinebant,

296 1088 359 1141 Nou
373 1088 455 1141 invisa
469 1088 516 1142 tibi
522 1107 586 1156 pars
597 1106 643 1159 ego
654 1108 722 1159 sape
735 1089 775 1143 fui
788 1112 796 1154 3
895 1138 900 1156 .

33 1208 34 1211 '
106 1222 226 1281 etuers.
245 1204 379 1306 4752:

261 1354 318 1408 Vos
331 1374 452 1425 quoque,
466 1366 600 1411 consortes
611 1355 709 1423 studii,
721 1356 765 1426 pia
775 1356 868 1424 turba,
875 1364 959 1425 poete
970 1367 1019 1413 ete.

261 1446 477 1517 Admonitusque
490 1447 561 1515 mei,
574 1466 658 1517 quum
669 1446 884 1517 circumspexerit
896 1466 1006 1516 omues,

296 1538 374 1595 Dicat
386 1559 393 1592 ε
405 1540 451 1593 ubi
463 1550 503 1593 est
515 1545 665 1607 nostre'pars
679 1540 762 1593 modo
775 1541 846 1594 Naso
859 1542 956 1593 chori?

33 1656 34 1725 j
107 1657 158 1731 uhi
175 1675 283 1759 poetae
299 1675 464 1760 possunt,
484 1659 546 1732 etsi
561 1658 597 1732 in
613 1656 745 1758 nullum
763 1658 888 1733 fuerint
905 1660 1056 1761 cooptati
1079 1659 1181 1735 colle-

107 1772 205 1867 gium,
224 1772 291 1847 (lici
305 1790 478 1847 consortes
495 1772 640 1873 ejusdem
653 1773 757 1848 studii
770 1831 780 1863 ,
793 1792 893 1876 atque
911 1773 1009 1847 etiam
1023 1784 1031 1813 ¹
1049 1774 1177 1863 choms,

108 1888 378 1988 quemadmodum
394 1890 548 1992 superius
562 1920 609 1964 vs.
633 1916 675 1962 10
691 1889 838 1979 dixerat,
857 1918 891 1965 se
902 1889 1040 1965 mollem
1050 1892 1156 1988 egisse

264 2037 296 2091 ln
307 2036 401 2092 studiis
412 2038 509 2108 vitant,
526 2042 705 2111 Pieridumque
717 2042 809 2102 choro,

33 2220 35 2249 ‚
108 2173 141 2229 ut
156 2156 377 2253 significaret,
406 2184 441 2233 se
457 2158 568 2233 Musis
586 2186 722 2260 operam
738 2185 896 2247 navasse,
921 2187 1061 2259 quarum
1078 2158 1181 2235 veluti

33 2346 34 2391 ἒ
107 2270 207 2349 riorus
218 2274 422 2371 fingebatur,
437 2273 547 2377 qualis
559 2294 592 2351 et
602 2276 713 2376 poetis
727 2273 885 2351 translate
900 2274 1044 2349 adscribi
1056 2278 1177 2376 potuit.

197 2619 280 2672 Auno
292 2629 354 2673 aute
368 2617 400 2673 C.
412 2636 501 2687 xv111;
518 2619 554 2674 U.
570 2618 602 2674 C.
615 2635 774 2682 nccxxxv1;
788 2619 895 2688 Ovidii,
912 2638 968 2673 xxv
982 2632 1010 2674 et
1022 2635 1096 2674 xxvi.

135 2761 163 2815 P.
180 2759 346 2818 continu.
364 2761 559 2831 LENTULO,
579 2761 638 2818 CN.
657 2762 822 2820 CORNEL
840 2761 1022 2831 LENTULO
1041 2763 1146 2821 COSS.

151 2906 177 2977 l.
193 2905 351 2982 AEttfllltt
361 2907 428 3007 jam
444 2905 611 3003 vulgatam
621 2907 742 2996 finisse,
763 2937 867 3010 quum
879 2907 1045 2997 Ovidius,
1063 2912 1178 2986 Amor.

108 3019 160 3096 lib.
177 3025 214 3112 i,
234 3021 329 3120 Eleg.
348 3043 408 3111 xv,
427 3042 577 3113 caneret,
593 3023 714 3099 docent
727 3053 812 3098 vers.
830 3023 879 3098 25
894 3043 927 3101 et
945 3025 993 3098 26
1009 3058 1016 3099 :

262 3173 387 3245 Tityrus,
399 3183 427 3227 et
436 3171 541 3243 fruges,
555 3139 697 3243 AEmriaqtie
711 3194 784 3228 anm
796 3177 922 3243 legentur,

300 3265 387 3319 Roma
400 3265 554 3337 triumphati
565 3266 631 3320 duro
642 3279 720 3338 caput
732 3269 802 3322 orbis
812 3269 870 3323 erit.

110 3379 266 3479 Virgilius
276 3401 386 3458 autem
396 3413 500 3485 quum
507 3384 677 3460 desinente
690 3414 779 3460 anuo
788 3386 961 3487 superiore
973 3386 1092 3475 obiret,
1099 3415 1182 3460 non-

112 3495 182 3571 tium
198 3498 233 3571 id
252 3527 338 3600 opus
355 3499 561 3590 absolverat,
590 3531 627 3575 ac
648 3519 846 3576 testamento
869 3502 1033 3601 jusserat,
1053 3519 1092 3575 ut
1108 3529 1182 3577 cre·

34 3617 35 3620 ’
111 3631 264 3703 manetur,
278 3632 361 3689 teste
373 3612 505 3688 Plinio'
523 3645 530 3690 :
549 3613 689 3690 «Divus
705 3617 877 3714 Augustus
891 3615 1035 3690 carmina
1048 3614 1182 3719 Virgilii

113 3759 130 3792 >¹
145 3731 278 3804 cremari
291 3749 408 3806 contra
418 3733 604 3808 testamenti
616 3733 688 3832 ejus
697 3733 929 3808 verecundiam
942 3735 1068 3824 vetuit,
1085 3753 1145 3809 eto.
1160 3769 1178 3800 »

113 3843 200 3942 Quin
217 3849 315 3923 etiam
340 3850 566 3951 Hieronymus
592 3849 628 3923 in
650 3849 819 3925 chronicis
838 3851 881 3960 ad
906 3851 1007 3928 haec³
1031 3871 1178 3956 tempora

141 4021 150 4051 ¹
167 4021 224 4076 Art
234 4022 297 4076 Aua.
310 4023 354 4078 lib.
372 4024 431 4092 lii,
450 4043 518 4078 vers.
530 4025 595 4078 533:
608 4045 622 4074 s
637 4023 767 4079 Carmina
777 4025 824 4095 qui
837 4025 966 4094 facimus,
977 4028 1115 4082 mittamus
1122 4045 1182 4080 nr·

35 4111 37 4148 l
115 4103 181 4158 uina
195 4116 307 4160 tantum.
316 4106 370 4162 Hic
383 4109 480 4164 Chorus
489 4117 551 4162 aute
567 4112 635 4166 alhs
645 4119 721 4180 aptm
732 4129 822 4164 amare
831 4129 929 4166 miuus.
941 4133 956 4158 ι·

143 4191 155 4220 ²
171 4191 235 4246 liist
247 4193 308 4248 Nat.
319 4192 364 4246 lib.
378 4192 450 4260 vlt,
464 4212 522 4263 cap.
531 4193 571 4246 ³0.

146 4272 158 4305 ³
173 4273 275 4350 Olymp.
293 4293 366 4345 cxc,
381 4297 423 4332 an.
436 4279 459 4330 3.
