3017 5000
429 430 526 495 PER
550 429 584 496 J.
609 427 845 501 MASSON.
1111 430 1168 493 151

119 570 175 641 Nec
187 566 249 639 hoc
265 564 341 640 loco
358 566 583 667 praetereunda
602 566 701 639 Livia
711 566 864 667 porticus
878 564 1073 665 descriptio,
1087 566 1174 639 Dio-

119 680 384 755 nisnarrationem
397 680 486 753 haud
497 708 614 780 pamm
627 677 817 765 illustrans,
834 706 932 779 quant
946 680 1068 755 Noster
1081 678 1172 757 erhi-

59 764 60 797 ¹
118 796 303 870 iurasse.
323 796 382 868 m.
399 796 463 884 vr,
480 822 562 869 vers.
583 792 770 895 639-6462

264 966 344 1021 Disce
359 978 448 1020 tamen
460 1004 468 1033 ‚
480 965 590 1019 veniens
602 977 676 1033 setas,
690 966 734 1020 ubi
747 967 823 1020 lisia
833 986 905 1020 nune
917 978 956 1021 est

298 1058 426 1119 Perclsus,
440 1058 576 1112 immense
588 1067 655 1111 tecta
668 1056 747 1111 luisse
760 1056 863 1113 domus.

261 1148 347 1203 Urbis
354 1166 421 1217 opus
432 1146 527 1203 domus
540 1166 593 1203 una
603 1146 655 1201 tuit
665 1170 672 1212 ς
683 1146 849 1217 spatiumque
863 1146 987 1213 tenebat,

299 1240 364 1310 Quo
375 1240 479 1293 brevius
490 1240 573 1293 muris
583 1237 676 1309 oppida
688 1239 774 1293 multa
783 1250 884 1293 tenent.

264 1331 333 1385 ttae
345 1339 445 1401 equata
459 1330 515 1383 solo
527 1341 582 1399 est,
592 1328 666 1383 nullo
677 1329 725 1385 sub
737 1330 847 1385 crimine
858 1332 950 1400 regni,

298 1420 350 1474 Sed
362 1421 422 1490 quia
438 1420 539 1474 luxuria
550 1420 603 1473 risa
613 1438 708 1475 nocere
721 1440 774 1474 sua

265 1512 399 1568 Sustinuit
410 1522 495 1567 tantas
505 1532 616 1582 operum
628 1513 781 1567 subvertere
794 1513 893 1579 moles,

297 1604 404 1674 Totque
414 1622 473 1661 suas
483 1608 561 1659 dores
572 1604 683 1675 perdere
697 1606 786 1659 cam
792 1623 864 1675 opes.

150 1748 188 1817 V.
208 1746 373 1821 Caeterum
392 1744 661 1847 quandoquidem
684 1744 864 1845 Propertius
888 1773 974 1819 anno
1000 1746 1167 1847 praeterito

112 1880 324 1963 postremum,
343 1862 433 1963 quod
450 1861 487 1934 in
501 1862 571 1959 ejus
588 1862 748 1962 operibus
765 1862 929 1949 occurrit,
946 1888 1076 1935 carmen
1094 1890 1167 1936 exa·

111 1980 200 2067 ravit,
218 1998 258 2054 ut
273 1982 309 2053 in
325 1980 396 2078 ejus
409 1980 487 2054 Vita
503 1979 610 2054 fusius
624 1978 907 2068 demonstramus,
922 2008 981 2054 nec
993 1977 1083 2054 aliud
1096 1998 1167 2067 est,

112 2096 189 2196 quod
206 2096 249 2170 ad
266 2096 507 2197 subsequentes
528 2123 634 2171 annos
658 2094 779 2169 referre
801 2123 861 2197 per
883 2113 987 2170 certas
1007 2096 1166 2195 temporis

109 2226 195 2283 notas
211 2210 327 2297 liceat,
349 2209 427 2282 hinc
441 2210 512 2309 ejus
524 2208 653 2283 obitum
664 2208 805 2284 ulterius
814 2208 1093 2311 protrahendum,
1107 2238 1166 2283 nc·

111 2354 265 2431 quaquam
277 2326 494 2411 arbitramur3
511 2324 650 2397 maxime
665 2353 768 2425 quum
784 2343 930 2409 constet,
944 2326 1070 2399 huncce
1085 2355 1164 2428 poe-

111 2458 168 2516 tam
176 2444 240 2541 jam
253 2458 330 2515 ante
342 2440 462 2515 editam
475 2441 588 2514 Auem
601 2440 801 2515 Arnulon'um
816 2450 824 2479 ¹
838 2439 1024 2516 decessisse.
1037 2441 1165 2516 Idcirco

110 2585 174 2656 quae
184 2559 307 2629 Noster
322 2554 362 2628 de
374 2582 408 2628 se
421 2552 512 2627 velut
527 2553 684 2654 Propertii
694 2581 881 2628 successore
895 2555 982 2629 canit
993 2613 1002 2646 ,
1014 2555 1071 2628 illa
1086 2584 1167 2629 con-

109 2671 230 2745 firmant
243 2671 396 2772 superins
408 2699 426 2744 a
440 2669 542 2744 nobis
555 2668 594 2742 de
606 2669 712 2770 prima
723 2669 887 2744 libromm
899 2671 969 2769 ejus
982 2671 1045 2745 sub
1060 2674 1168 2746 Λιιιο-

110 2786 273 2860 rumtitulo
288 2785 434 2860 editione
446 2784 543 2858 dicta.
563 2784 697 2858 Scilicet
712 2783 779 2872 ait,
795 2786 897 2862 trist.
924 2785 984 2901 lib.
1008 2789 1063 2874 Il,
1082 2815 1166 2861 vers.

112 2899 281 3004 463-4672

480 3047 640 3116 Legiturque
658 3035 786 3112 Tibullus,

295 3139 330 3193 Et
342 3139 442 3209 placet,
454 3148 482 3192 et
492 3138 545 3206 iarn
558 3146 584 3192 te
597 3137 713 3207 pincipe
724 3149 805 3195 notus
815 3151 880 3195 ent.

261 3231 386 3286 Invenies
397 3228 491 3284 eadem
501 3227 591 3284 blandi
600 3239 729 3298 prompta
738 3234 855 3298 Properti
865 3253 874 3284 ι

297 3319 438 3374 Districtm
448 3320 560 3374 minima
570 3339 621 3374 nse
631 3331 721 3374 tamen
730 3320 774 3376 ills
785 3332 849 3378 uota
859 3334 907 3379 est.

262 3411 313 3466 His
327 3430 377 3481 ego
387 3413 504 3468 suooeni.

114 3555 248 3630 etrite
266 3553 326 3629 lib.
344 3557 405 3643 lv,
424 3554 515 3651 Eteg.
536 3577 576 3642 x,
593 3584 675 3630 vers.
694 3555 740 3629 53
753 3573 788 3630 et
807 3555 874 3649 54:

263 3725 404 3782 Successor
413 3725 426 3780 s
427 3726 466 3780 uit
476 3727 517 3782 hic
532 3727 673 3794 (Tibullus)
687 3726 752 3791 tibi,
768 3727 861 3790 Galle‚·
873 3729 1017 3794 Pmperlsus
1028 3726 1073 3781 itti.

302 3820 413 3883 Quartus
424 3817 456 3870 ab
469 3814 509 3870 his
520 3817 587 3870 serie
601 3816 727 3870 temnoris
740 3831 801 3870 ress
812 3815 860 3869 tui.

117 3979 229 4047 uerbum,
241 3981 376 4050 Tempora
387 3985 478 4034 navale*
483 3979 586 4051 fulgent
594 3988 705 4034 rostrata
713 3999 813 4033 corona.
828 4001 843 4027 ιι
857 3977 900 4036 Dc
911 3979 988 4047 cuius
996 3979 1103 4036 Pontico
1112 3978 1171 4033 ride

117 4077 165 4127 que
174 4063 198 4116 in
208 4063 311 4118 Horatii
324 4064 389 4116 Vita
400 4065 550 4118 notavimus
565 4083 622 4134 pag.
637 4063 764 4117 ard-ard.

145 4153 153 4182 ι
170 4152 231 4206 vus
244 4153 287 4208 rs.
299 4153 340 4208 ιιι
354 4173 438 4220 ‚vm
452 4151 579 4208 sss-sse.
