3017 5000
296 380 360 445 136
631 380 670 445 P.
699 378 878 447 OVlDll
908 376 1037 444 VITA

289 533 389 618 quet,
418 515 458 589 de
474 515 566 590 tutia
586 544 654 589 non
672 541 772 618 posse
790 515 957 613 intelligi,
986 514 1078 618 quod
1095 514 1240 590 Ovidius
1255 514 1297 588 dc
1314 544 1374 589 sua

288 634 437 707 Corinna
466 633 742 709 medicaminibus
765 634 922 707 abortum
945 632 1087 707 faciente
1112 631 1225 719 canit,
1252 632 1369 704 Amor.
1469 661 1479 730 Q

288 751 347 825 lib.
365 754 416 840 ll,
437 749 531 849 Eleg.
552 772 618 827 xtll
636 770 669 826 et
686 771 761 827 xlv.
790 752 887 827 Adde
907 780 983 827 cum
999 750 1089 825 Aido
1105 750 1286 838 Munatio,
1305 752 1372 824 Na·
1468 780 1476 819 τ

290 893 407 941 sonem
426 866 466 941 de
485 866 555 940 suis
572 895 649 941 cum
668 866 815 941 Corinna
839 866 1012 942 amoribus
1035 894 1074 939 ea
1102 894 1172 939 nou
1190 862 1373 938 relaturum

288 984 412 1072 fuisse,
429 1010 501 1083 quae
516 982 580 1077 jam
593 983 630 1055 in
643 982 760 1057 exsilio
770 983 943 1085 praedicta,
954 984 1058 1059 Trist.
1073 981 1132 1057 lib.
1146 984 1205 1071 IV,
1215 981 1312 1077 Eleg.
1330 1003 1371 1069 x,
1471 1047 1475 1058 .

288 1100 475 1188 scribebat,
494 1099 522 1173 si
541 1099 676 1201 quidem
691 1099 747 1175 illa
766 1101 836 1201 ejus
851 1099 991 1175 miseria
1003 1118 1037 1174 et
1049 1097 1159 1182 exsilii
1175 1128 1273 1174 causa
1290 1096 1372 1171 fuis·
1470 1140 1479 1178 a

288 1234 348 1290 set.
368 1216 470 1290 Plura
487 1216 635 1291 dicemus
653 1214 695 1291 ad
711 1246 763 1291 an.
786 1220 826 1289 U.
847 1218 886 1291 C.
903 1236 1055 1291 beenan.
1143 1304 1146 1307 ⁴

386 1581 470 1659 Anno
481 1589 544 1633 ante
559 1578 591 1633 C.
605 1597 658 1645 κη
673 1580 709 1633 U.
724 1578 757 1634 C.
769 1595 925 1648 occxxxm
938 1579 1049 1647 Ovidii,
1061 1596 1134 1633 xxur
1146 1590 1173 1633 et
1186 1594 1264 1633 xxiv.

492 1720 533 1775 M.
546 1720 736 1789 trumo,
751 1722 783 1776 P.
794 1721 895 1777 SILIO
908 1722 1040 1778 NERVA
1055 1719 1160 1774 COSS.

336 1859 363 1934 1.
391 1861 704 1958 Qusunoouroen
721 1892 829 1939 annus
854 1865 960 1939 eutis
988 1882 1078 1939 xxrv
1105 1865 1194 1937 recte
1218 1872 1227 1900 ¹
1252 1860 1371 1963 Lipsio
1469 1848 1475 1888 ³

288 1976 421 2051 videtur
435 1977 605 2075 legitimus
619 1978 661 2054 ad
675 1981 853 2080 petendam
868 1998 1088 2082 quaesturam,
1103 2008 1177 2080 qua
1188 1978 1321 2079 primus
1336 1977 1370 2051 in
1471 1989 1474 2008 ¹

286 2113 403 2168 senatu
422 2096 545 2191 gradm
561 2096 642 2183 fuit,
659 2094 738 2167 inde
756 2095 834 2169 licet
851 2098 892 2169 ad
911 2096 981 2169 hac
998 2096 1129 2171 circiter
1146 2114 1301 2196 tempora
1317 2122 1371 2167 re·

286 2210 371 2284 ferre
398 2212 489 2313 quod
513 2210 657 2286 Ovidius
674 2209 714 2285 dc
732 2240 792 2286 sua
809 2230 921 2285 namet
938 2212 1095 2285 senatorii
1117 2211 1244 2285 ordinis
1261 2212 1371 2311 ejura-

286 2328 398 2414 tione,
418 2358 521 2429 quum
536 2328 623 2427 jam,
651 2328 840 2402 honoribus
858 2329 898 2401 ad
918 2356 993 2401 eum
1010 2326 1161 2401 ordinem
1177 2328 1372 2401 necessariis
1468 2331 1478 2428 ᾗ

289 2466 366 2522 ante
391 2446 554 2549 peractis,
581 2445 669 2520 nihii
686 2446 775 2521 aliud
794 2464 1000 2547 superesset,
1021 2475 1120 2547 quam
1139 2464 1179 2520 nt
1194 2446 1371 2523 interesset
1469 2448 1479 2488 ³

285 2566 397 2649 curio,
426 2565 490 2637 hoc
507 2582 578 2650 est,
601 2563 742 2663 primam
759 2564 795 2637 in
810 2581 925 2638 senatu
944 2563 1142 2659 dignitatem
1160 2565 1368 2665 susciperet,

287 2679 386 2755 sicuti
405 2679 570 2776 significat
586 2678 639 2752 his
653 2680 756 2753 Trist.
775 2679 834 2754 tib.
854 2681 916 2770 lv,
931 2678 1026 2776 Eieg.
1044 2703 1086 2768 x,
1105 2671 1189 2754 vers.
1207 2678 1345 2774 35-40:

455 2835 554 2890 Cuma
567 2836 698 2890 restabat:
712 2840 784 2889 claui
791 2855 916 2890 mensura
929 2848 1021 2890 coacta
1035 2848 1082 2891 est.

484 2927 575 2996 Maius
587 2937 644 2981 erat
657 2928 752 2982 nostris
766 2928 864 2982 viribus
875 2927 940 2982 iliud
954 2947 1032 2982 onus.

449 3021 507 3074 Nec
519 3021 622 3089 patiens
632 3039 742 3088 corpus,
756 3037 806 3073 nec
817 3038 895 3079 mens
906 3019 961 3073 fuit
971 3030 1032 3089 apta
1043 3020 1146 3085 labori,

484 3111 660 3180 Sollicitaeque
673 3111 752 3179 tufigax
764 3111 915 3166 ambitionis
925 3131 1014 3165 eram:

452 3201 488 3256 Et
500 3211 591 3271 petere
606 3199 701 3254 Aonia
714 3201 861 3255 suadebant
873 3211 929 3255 tuta
941 3221 1045 3256 sorores

481 3293 560 3363 Otia,
574 3293 673 3363 iudicio
685 3313 792 3364 semper
803 3306 889 3349 amata
902 3314 972 3348 meo.

283 3431 407 3504 Forum
426 3447 535 3504 autem
553 3429 647 3503 crm'oe
672 3430 808 3503 nomine
827 3449 964 3506 nonest
986 3459 1062 3505 cum
1078 3429 1249 3506 nonnuliis
1266 3431 1365 3508 intel·

281 3544 463 3642 ligandum.
486 3546 551 3620 Sed
572 3565 609 3620 ut
627 3546 735 3619 Varro
755 3555 766 3584 ²
787 3547 904 3621 definit
919 3578 927 3622 ε
942 3583 959 3612 «
977 3550 1086 3623 Curia
1103 3539 1248 3624 duorum
1265 3582 1366 3648 gene·
1473 3517 1479 3540 ⁸

285 3696 303 3729 »
324 3692 399 3736 rum
413 3692 421 3750 ;
440 3693 515 3737 narn
536 3680 568 3736 ct
584 3663 645 3737 ubi
658 3682 814 3737 curarent
830 3665 1016 3740 sacerdotes
1030 3695 1083 3740 res
1098 3667 1240 3759 divinas,
1254 3687 1295 3743 nt
1308 3698 1363 3746 cu·
1476 3753 1478 3759 ¹

288 3814 306 3846 >›
326 3779 383 3853 riae
399 3797 544 3869 veteres,
562 3797 596 3854 et
611 3779 673 3854 ubi
690 3798 824 3855 senatus
841 3782 1019 3871 humanas,
1036 3800 1076 3855 ut
1092 3783 1181 3856 curia
1200 3783 1362 3875 Hostilia,
1473 3777 1479 3793 ⁸

285 3957 290 3968 '
314 3974 1339 4050 ¹exeunrnraeunnnuuu.111,eaenuaeuagannoncaps.

315 4069 327 4098 ²
345 4067 401 4120 Lib.
412 4066 453 4120 lv
465 4065 498 4120 de
512 4065 589 4135 Ling.
601 4065 676 4132 Lat,
689 4077 717 4120 et
734 4066 778 4121 lib.
792 4069 834 4120 V:
846 4091 860 4115 «
874 4067 972 4136 Curia,
989 4068 1035 4124 ubi
1048 4081 1155 4126 senatres
1167 4089 1253 4141 remp.
1270 4081 1361 4138 curat,

283 4175 297 4199 v
310 4165 338 4206 et
350 4151 395 4208 ubi
409 4169 471 4206 cura
483 4169 619 4208 sacrorum
630 4149 732 4222 publica
742 4173 749 4220 ;
764 4151 797 4206 ab
809 4151 850 4205 his
861 4151 991 4215 curiones,
1004 4173 1019 4201 s

1474 3869 1478 3907 t
