3017 5000
303 475 372 542 DE
405 472 660 559 ANTIQUO
690 473 874 541 VEIDII
902 473 1122 543 NUMMO.
1185 479 1251 564 545

176 639 229 679 nec
245 615 321 678 aliud
336 617 491 700 indigitent
506 628 610 698 prseter
625 637 709 697 quarn
722 617 801 698 quod
813 615 891 678 Galli
903 617 1035 678 Grmetis
1044 632 1157 681 vocent.
1170 621 1254 705 Hanc
1316 638 1322 650 ·

174 726 262 810 igitur
274 723 486 784 festinationem
497 745 608 800 meam,
625 723 689 797 vel,
707 723 732 783 si
745 725 850 797 maris,
866 725 1054 786 temeritatem
1065 725 1146 787 facile
1156 742 1256 804 postea

176 830 289 904 deteri,
305 851 395 913 quum
414 830 537 892 eundem
551 829 711 890 Nummum
726 830 757 889 in
774 831 849 892 Gaza
859 830 1068 894 Pemhmlsr'rmu
1087 831 1256 913 diligentius

175 938 300 1000 tractavi.
321 937 409 998 Unde
428 959 505 998 nnnc
525 936 605 996 illum
625 959 734 998 summa
749 937 805 998 lide
825 959 948 1020 curaque
971 937 1142 1000 delineatum
1161 941 1256 1001 lecto-

175 1045 254 1106 ribus
271 1043 413 1119 exhibeo,
431 1057 463 1104 ut
478 1044 549 1105 mihi
563 1043 698 1106 libentius
712 1044 889 1126 praeteritum
903 1046 1073 1106 condonent
1089 1059 1223 1109 erratum.

216 1154 251 1211 V.
274 1151 377 1212 Nihilo
397 1123 492 1211 tumen
511 1149 605 1212 minus
625 1151 801 1212 Pouuonts
822 1172 988 1235 cognomen
1004 1152 1255 1230 ipsimet'annro

174 1258 283 1334 luisse,
304 1279 339 1318 ex
361 1257 421 1318 aliis
441 1269 555 1319 constat
571 1257 710 1318 Nummis
719 1303 730 1332 ,
753 1259 785 1318 in
803 1259 902 1320 eadem
924 1258 996 1320 urbe
1011 1259 1144 1320 casarea
1169 1261 1254 1324 cusis.

176 1368 277 1427 Unum
291 1366 322 1426 id
335 1385 426 1448 genus
443 1365 510 1444 AEr.
525 1363 611 1443 primi
626 1366 738 1426 moduli
753 1366 966 1448 inspiciendum
984 1365 1055 1426 mihi
1072 1365 1197 1444 praebuit
1211 1369 1256 1429 rir

177 1473 223 1534 Cl.
236 1473 339 1544 Mede,
358 1470 565 1554 Ultrsjectinus
580 1470 646 1552 qui,
665 1471 731 1532 dum
747 1472 873 1547 vireret,
891 1472 1039 1532 scientiam
1054 1493 1171 1554 quoque
1184 1475 1256 1536 Nu-

175 1578 358 1640 mismaticam
375 1577 496 1638 colebat.
514 1576 561 1658 llli
575 1589 696 1654 parerat
710 1598 794 1659 quem
812 1578 940 1638 Goltzius
953 1580 1009 1662 jam
1027 1578 1134 1638 dudum
1151 1579 1256 1662 vulga-

174 1697 289 1758 verat¹,
307 1684 376 1744 hinc
396 1706 460 1744 cum
479 1684 604 1762 Augusti
617 1685 708 1762 capite
727 1684 809 1744 nudo
831 1685 884 1744 hac
898 1685 1051 1768 epigraphe
1069 1709 1077 1744 τ
1096 1699 1256 1749 οΥΗΙΔΙΟΣ

174 1805 337 1856 ΠΩΔΛΙΩΝ
351 1803 553 1854 ΚΔΙΣΔΡΕΩΝ.
571 1791 657 1851 Illinc
670 1812 735 1851 cum
750 1793 851 1872 templo
862 1803 931 1853 octo
943 1793 1143 1854 columnarum
1154 1793 1256 1876 hisque

175 1899 340 1962 nominibus
361 1889 368 1957 Ξ
390 1911 598 1961 ΜΕΝΔΝΔΡΟΣ
629 1893 818 1960 ltAPP'nzlot·
844 1899 986 1974 similem,
1008 1900 1104 1981 quoad
1123 1913 1208 1984 caput
1226 1914 1257 1964 et

175 2009 323 2089 ternplum,
341 2006 373 2067 in
391 2025 447 2066 aere
465 2004 606 2063 mediocri
624 2023 711 2086 penes
728 2004 888 2084 insignem,
907 2026 996 2084 quum
1015 2006 1047 2064 in
1067 2004 1140 2067 viris
1155 2019 1254 2083 esset,

175 2124 363 2174 mercatorem
384 2109 623 2180 Londinensem,
649 2107 768 2168 nomine
786 2107 918 2180 hoton,
945 2107 1083 2191 quicum
1101 2133 1135 2172 ex
1154 2113 1252 2186 Astu,

174 2224 331 2301 Smymuue
344 2217 486 2278 attulerat.
506 2217 615 2276 Verum
642 2214 672 2273 in
699 2236 735 2276 eo
756 2227 946 2277 ΚΑΙΣΔΡΕΩΝ
967 2217 1057 2278 modo
1082 2217 1253 2304 legebatur,

175 2327 287 2388 caeteris
304 2325 406 2386 litteris
424 2323 544 2386 omnino
560 2321 680 2384 detritis.
697 2323 785 2383 Unde
798 2334 842 2383 est
857 2323 935 2406 quod
946 2335 1065 2401 postes,
1083 2349 1174 2406 quum
1182 2329 1254 2387 Nn-

174 2432 329 2494 mismatica
341 2431 481 2491 quwnis
494 2428 619 2508 supellex
632 2429 663 2488 in
674 2428 868 2507 potentissimi
879 2429 960 2490 ducis
972 2433 1132 2492 Devotum
1148 2433 1253 2496 Garum

173 2542 330 2616 transiret,
348 2560 483 2601 nummus
500 2537 554 2598 iste
571 2534 658 2598 luerit
674 2536 844 2622 neglectus,
860 2558 914 2599 nec
928 2538 1049 2616 amplius
1063 2560 1129 2600 eum
1141 2554 1251 2619 potue-

173 2650 228 2711 rim
243 2648 351 2710 ibidem
363 2644 496 2725 repcrire.
513 2644 627 2706 Idcirco
642 2643 780 2705 affirmare
794 2666 927 2726 nequeo,
945 2646 1063 2707 eandem
1078 2648 1110 2709 in
1125 2648 1202 2724 isto,
1218 2674 1251 2713 ac

171 2756 204 2816 in
214 2755 352 2816 Modiouo
363 2765 393 2814 et
404 2752 712 2825 GoltziuuoNummo,
722 2751 897 2835 epigraphen
908 2754 1016 2813 circum
1024 2768 1108 2833 caput
1118 2756 1249 2834 primitus

172 2864 337 2945 impressam
351 2859 451 2931 luisse,
468 2859 514 2920 vel
528 2858 624 2941 potius
636 2859 764 2919 hancce:
782 2872 945 2921 nonnum
962 2873 1162 2926 ΚΑΙΣΔΡΕΩΝ.
1180 2866 1249 2929 Hoc

175 2980 252 3030 certe
268 2967 358 3029 modo
378 2987 409 3027 se
431 2965 555 3051 legisse,
577 2965 623 3027 Cl.
645 2965 839 3046 Spouhenuirs
860 2977 1002 3040 testatur,
1027 2968 1100 3030 circa
1125 2976 1250 3051 ignotum

175 3088 261 3159 caput
281 3077 313 3136 in
338 3075 476 3136 anteriori
498 3094 561 3133 arca
582 3073 703 3133 Nummi
724 3073 792 3133 aerei
822 3073 926 3150 (inter
949 3076 1083 3151 praeclan
1108 3080 1250 3173 Augqstae

176 3184 333 3245 Christinse
348 3180 496 3258 cimelia),
514 3181 595 3263 cnjus
613 3200 707 3240 aversa
723 3200 787 3261 pars
802 3178 877 3239 idem
892 3181 1031 3258 templum
1046 3183 1176 3261 serebat,
1197 3190 1251 3251 iis.

176 3290 240 3351 dem
253 3290 358 3368 pariter
368 3287 488 3370 integris
500 3286 662 3347 nominibus
673 3310 680 3345 ι
693 3298 901 3347 menandros
910 3300 1104 3351 narratore
1116 3293 1252 3359 Eundem

209 3496 220 3525 ¹
237 3492 271 3545 ln
286 3490 355 3559 Aug.
367 3488 432 3542 Teb.
446 3491 494 3559 75,
514 3506 541 3539 n.
556 3487 603 3553 23,
618 3489 657 3553 ιζ.
678 3489 711 3541 ln
733 3488 834 3542 cornu
850 3499 940 3541 tamen
953 3492 1008 3542 1101·
1014 3497 1160 3560 antiquane
1175 3501 1251 3556 Thus,

179 3576 238 3631 Cot
251 3576 316 3641 285,
336 3572 460 3629 editionis
478 3574 572 3635 Burei,
593 3570 807 3643 Typothetarum
828 3573 929 3626 incuria
947 3574 1016 3628 mole
1033 3578 1155 3633 scribitur
1166 3592 1253 3643 orm.

177 3671 259 3727 ΔΙΟΣ,
273 3670 323 3713 etc.
340 3654 412 3710 Cum
426 3655 556 3710 tamenin
570 3654 690 3725 ejusdem
706 3658 782 3707 Thes.
792 3655 909 3709 editione
920 3652 1022 3727 prima,
1036 3660 1068 3713 ab
1081 3661 1135 3731 ipso
1146 3666 1252 3727 Gothi„

177 3766 220 3799 en.
235 3748 311 3818 1579,
324 3742 393 3796 sacta
404 3751 475 3795 reete
487 3760 512 3811 p.
526 3740 587 3806 166,
601 3739 729 3793 habeatur·
741 3748 880 3795 οΥΕΙΔ1οΣ
890 3750 1047 3798 undum.

209 3852 224 3893 ²,
237 3848 283 3903 sie
296 3845 368 3900 haud
380 3844 491 3899 omnino
502 3844 571 3897 bene
582 3863 644 3897 curn
661 3841 772 3911 simplici
783 3842 823 3906 P,
841 3840 881 3895 uti
893 3853 920 3895 et
930 3853 1093 3914 uorum,
1108 3870 1165 3906 non
1179 3874 1254 3915 secu,

177 3954 208 3989 ac
218 3936 388 3993 Var'llaulrirs5
400 3947 484 3999 quum
494 3938 586 3981 tamen
594 3938 742 3983 nuenton
750 3927 1022 3995 lueritscribendnm;
1030 3937 1166 3999 quomodo
1173 3943 1255 3999 etiam

178 4018 312 4073 Manlius
323 4025 394 4068 recte
409 4012 497 4067 hehet.
510 4012 568 4066 Nec
581 4010 656 4063 aliter
674 4010 717 4065 alii
737 4011 859 4078 nummi,
879 4011 978 4081 lapides
997 4036 1026 4069 ac
1042 4017 1179 4088 aliquoties
1191 4028 1257 4085 editi

178 4102 327 4171 scriptores.
336 4098 401 4151 Vid.
411 4096 493 4150 Dion.
506 4094 563 4149 Lib.
573 4094 653 4161 LIV,
668 4114 693 4163 p.
707 4096 769 4161 538,
779 4105 907 4153 ΟΥΙΙΔΙΟΣ
916 4107 1081 4170 ΠΩΔΔΙΩΝ,
1093 4102 1137 4159 lib.
1144 4108 1256 4183 Lv111,

178 4208 206 4259 p.
214 4187 275 4251 533,
287 4176 472 4239 omrrarlos
484 4188 634 4236 nuenton
643 4198 650 4243 ;
659 4180 716 4233 Lib·
725 4180 788 4247 Lx,
797 4200 822 4251 n·
832 4182 890 4236 680·
902 4186 1107 4257 rorsrrpmge
1115 4201 1256 4271 sommo)

178 4260 347 4327 notitioni.
359 4265 419 4319 Lib.
430 4263 570 4331 xhvlll,
584 4282 609 4332 p.
620 4263 685 4330 365,
701 4264 758 4317 382.
767 4267 836 4319 Pur
848 4266 877 4319 in
889 4262 955 4320 Ces.
967 4266 985 4319 s.
999 4270 1053 4337 732.

223 4376 226 4383 ·
302 4360 424 4453 ιιιι.
1036 4364 1079 4429 35
