3017 5000
349 459 671 659 uenenum
700 572 972 661 CloFANI
1095 642 1098 646 .
1181 546 1185 553 ’

169 772 667 901 DESCRIPTIO
711 777 1147 904 SULMONIS.

127 1130 307 1245 SULMO,
321 1158 479 1233 'Cominio
497 1158 588 1245 mille
606 1148 729 1234 abhinc
745 1159 860 1247 annis,
880 1129 913 1233 ct
930 1186 969 1231 eo
986 1154 1132 1259 amplius
1149 1156 1202 1231 (li-

49 1322 51 1337 ·
125 1293 215 1363 mto‚
228 1272 447 1372 ¹Pelignomm
464 1275 661 1379 metropolis
671 1334 680 1364 ‚
690 1305 718 1371 ,a
731 1276 899 1363 Somno,
919 1274 1050 1349 AEttttan
1063 1274 1200 1363 comite,

53 1474 56 1481 Δ
126 1410 154 1465 et
169 1390 329 1467 conditus
347 1413 379 1468 et
396 1393 630 1469 denominatus
644 1412 713 1483 est,
727 1410 766 1467 ut
779 1407 920 1466 testatur
933 1392 1094 1480 Ovidius,
1108 1392 1198 1467 Fast

127 1506 179 1581 lib.
199 1510 263 1597 IV,
279 1538 364 1583 vers.
382 1531 447 1609 79,
467 1536 571 1609 quum
590 1508 659 1584 ait:

250 1621 252 1629 i
284 1658 375 1728 Hujus
386 1669 444 1712 erat
454 1653 581 1731 Solymus
593 1656 709 1731 Phrygia
720 1675 811 1713 comes
822 1676 892 1711 unua
905 1656 937 1710 ab
950 1655 1015 1724 Ida,

317 1740 342 1795 Δ
353 1760 407 1814 quo
419 1740 556 1797 Sulmonis
568 1740 666 1795 moeuia
677 1758 779 1795 nomen
790 1740 905 1805 babent3

125 1854 208 1957 quod
234 1856 415 1932 confirmat¹
432 1856 536 1933 Silius
562 1858 719 1948 Italicus,
736 1857 797 1933 lib.
820 1860 891 1947 IX,
910 1858 972 1932 ubi
987 1856 1141 1960 loquitur
1159 1856 1200 1932 (le

125 1972 271 2063 Satrico,
288 1974 358 2049 cive
375 1974 619 2063 sulmonense,
640 1976 699 2077 qui
715 1976 826 2077 primo
841 1972 935 2049 bello
950 1974 1094 2076 punico,
1113 2003 1202 2048 anno

124 2084 161 2159 ab
176 2086 222 2161 U.
244 2089 471 2177 C.cnxcv11‚
489 2118 564 2163 cum
582 2090 632 2163 M.
651 2086 756 2164 Atilio
775 2088 909 2187 Regulo
927 2088 962 2161 in
979 2087 1125 2162 Africam
1138 2105 1201 2162 tra·

124 2202 204 2301 jecit,
215 2222 335 2304 captus
344 2222 462 2304 postea
474 2232 549 2276 cum
564 2233 647 2277 rom.
662 2202 808 2278 exercitu
821 2232 841 2277 a
852 2201 1200 2305 Xantippo,Lace(lae-

125 2322 309 2395 mouiorum
321 2319 418 2407 duce,
433 2320 699 2423 Autololumque
711 2322 782 2419 regi
802 2322 848 2395 ob
864 2322 1020 2395 virtutem
1036 2320 1127 2395 dono
1138 2321 1199 2396 da·

126 2455 189 2528 tus,
204 2439 397 2514 seruitutem
415 2432 586 2512 serviebat.
601 2439 635 2512 ls
650 2436 799 2512 Satricus
810 2456 986 2538 utramque
997 2435 1147 2534 linguam
1163 2453 1198 2513 ct

123 2555 253 2631 latinam
268 2574 303 2631 et
315 2553 472 2658 punicam
483 2554 623 2643 callens,
640 2581 763 2656 quum,
783 2552 865 2628 (luce
881 2553 1072 2628 Hannibale
1081 2555 1117 2628 in
1130 2559 1198 2630 lta·

125 2669 194 2748 liam
207 2702 378 2761 reversus,
396 2672 510 2775 patria
525 2672 668 2747 visendae
685 2670 847 2774 cupidus,
866 2671 1017 2744 Mancini
1033 2671 1103 2771 cvjuo
1115 2671 1195 2762 lilii,

126 2817 217 2888 quem
240 2817 310 2862 non
335 2806 452 2876 norat,
472 2785 573 2876 occisi
598 2783 664 2861 sibi
688 2815 777 2862 arma
800 2789 1010 2890 adaptasset,
1030 2789 1074 2864 ab
1091 2787 1196 2864 altero

124 2927 233 3006 postea
247 2907 338 2996 lilio,
356 2906 511 3007 Solymo,
529 2906 588 3007 qui
604 2903 705 3008 paulo
723 2904 864 3008 propino
882 2907 1023 3008 patulam
1039 2906 1196 2982 excubias

125 3022 278 3114 faciebat,
302 3051 362 3126 per
379 3051 525 3098 errorem
551 3021 767 3110 interficitur3
788 3023 1001 3124 moriensque
1026 3023 1200 3098 Romanos

126 3142 294 3230 admonet,
313 3159 352 3215 ut
366 3137 517 3242 praelium
534 3139 700 3214 differant
720 3140 832 3236 Quam
845 3140 980 3240 quidem
992 3139 1197 3216 admonitio-

126 3285 196 3332 nem
214 3257 389 3360 Solymus,
409 3257 455 3331 ob
473 3255 647 3362 patrissui
667 3256 788 3332 cadem
804 3284 840 3330 ce
854 3257 965 3358 ipsum
981 3257 1193 3347 intecimeus,

126 3376 158 3450 in
172 3376 292 3481 clypeo
309 3377 466 3478 scriptam
478 3374 625 3478 reliquit.
644 3371 717 3448 Silii
735 3375 805 3448 haec
816 3375 917 3449 verba
931 3377 1113 3464 aunt‚lX,
1129 3375 1194 3476 67:

284 3523 419 3594 xantippo
432 3533 539 3593 ceptus,
553 3521 655 3594 Libycis
666 3521 790 3576 tolerarat
801 3521 831 3574 in
844 3522 898 3576 ocis

281 3607 427 3664 Servitium
440 3607 557 3662 Sataicus
567 3628 574 3672 ;
586 3625 648 3660 mox
660 3605 731 3662 inter
743 3607 851 3676 praemia
862 3607 918 3678 regi

281 3690 436 3744 Autololum
447 3689 520 3743 ἀοπο
531 3687 653 3742 dumcob
665 3689 769 3742 virtutis
779 3684 922 3743 bonorem.

285 3774 356 3828 Huic
367 3773 479 3839 domna,
491 3785 519 3827 et
528 3772 629 3843 gemini
637 3771 746 3826 [neunt
757 3771 889 3826 Sulmone
901 3771 986 3829 relicti

284 3856 379 3910 Matris
390 3855 418 3908 in
431 3855 556 3909 uberibus
566 3853 641 3922 nati,
655 3853 800 3908 Mancinus
810 3865 837 3908 et
850 3874 904 3908 una

283 3939 399 3994 Nomine
414 3939 520 3995 Rbeteo
531 3939 656 4014 Solymus
667 3955 749 3993 :nam
762 3937 890 3993 Dardana
900 3939 989 4010 origo,

282 4025 317 4080 Et
328 4023 446 4098 Phrygio
458 4039 542 4095 genua
552 4041 567 4076 a
579 4041 695 4094 proavo,
709 4022 756 4092 qui
766 4033 870 4093 sceptra
879 4033 985 4080 occutus

285 4109 379 4164 AEnen
390 4148 400 4177 ,
413 4123 528 4164 ctam
541 4108 625 4163 munia
635 4107 793 4162 lundenemt
803 4123 920 4175 nunu,

283 4193 325 4249 Ex
334 4213 391 4250 aete
403 4193 501 4249 &cum
514 4193 645 4265 Solymon
655 4209 661 4244 :
673 4191 805 4249 celebrata
814 4192 915 4248 colonis
