3017 5000
307 467 352 554 64
706 467 986 538 excursus

479 617 536 688 Qui
549 617 628 672 simul
641 617 751 688 impure
764 619 855 674 matris
864 619 999 688 prolapsus
1010 618 1043 670 ab
1052 616 1111 670 alvo
1122 629 1179 684 est,

507 707 668 781 Cinyphiam
679 708 751 763 foedo
764 729 872 778 corpore
883 709 977 779 pressit
987 707 1122 761 humum?

308 836 393 908 Item
410 860 494 907 vers.
517 831 615 923 513,
632 835 694 908 nbi
711 835 845 922 leaenas,
866 834 990 936 quibus
1008 851 1111 908 scatet
1129 832 1258 919 Africa,
1280 833 1388 906 Ibidis

310 946 490 1050 populares
506 966 611 1022 vocat.
640 951 767 1023 Verum
784 949 873 1022 enim
897 977 998 1036 vero,
1024 948 1054 1020 si
1071 947 1266 1050 conjecturae
1290 945 1387 1054 locus

312 1064 429 1152 detur,
448 1065 553 1139 dicam
568 1065 649 1167 quid
661 1095 722 1162 ego
738 1095 891 1153 sensero,
908 1084 956 1151 et,
976 1085 1015 1139 nt
1029 1047 1118 1166 apud
1133 1064 1290 1138 Plautum
1302 1065 1388 1137 Tra-

310 1176 431 1264 chalio,
439 1179 620 1278 promittam
633 1179 790 1278 capillum,
802 1177 1163 1279 rircr'priooqucltonirlori.
1174 1181 1289 1279 Neque
1299 1178 1388 1250 euim

311 1291 499 1394 cymbalum
528 1290 611 1364 illud
629 1291 745 1364 mnndi
768 1293 959 1392 Appionem
983 1292 1232 1388 grammaticum
1256 1291 1390 1365 imitan-

315 1410 395 1484 dum
414 1409 497 1483 nrihi
514 1408 696 1510 proposui,
716 1408 775 1509 qni
792 1425 873 1481 teste
891 1406 1020 1494 Plinio,
1036 1406 1095 1480 lib.
1115 1409 1231 1494 XXX,
1250 1435 1321 1508 cap.
1340 1433 1388 1494 2,

310 1527 478 1630 prodidit,
491 1555 528 1600 se
538 1553 691 1600 evocasse
704 1524 842 1599 umbras
854 1522 896 1598 ad
908 1523 1174 1624 percontandum
1184 1525 1388 1612 Homerum,

312 1674 377 1746 qua
394 1643 521 1745 patria,
541 1641 703 1744 quibusve
720 1639 917 1741 parentibus
927 1639 1058 1736 genitus
1075 1658 1179 1726 esset;
1193 1668 1265 1714 non
1278 1657 1391 1713 tamen

311 1791 427 1837 ausum
444 1760 612 1862 profiteri,
638 1758 719 1861 quid
738 1758 805 1832 sibi
828 1753 1067 1858 respondisset.
1098 1759 1178 1830 Non
1208 1758 1392 1854 Georgium

310 1877 523 1951 Joachimnm
547 1874 746 1960 Rheticum,
774 1873 953 1974 Copemici
979 1871 1199 1974 discipulum,
1225 1901 1323 1974 quem
1341 1873 1391 1947 fe*

312 2009 410 2077 runt,
432 1989 511 2064 dum
529 1988 566 2062 in
583 2005 677 2062 motu
697 1986 818 2060 Martis
830 1987 968 2061 haereret
984 1985 1341 2088 mirabundus,neqne
1352 2014 1390 2060 se

312 2105 510 2208 explicaret,
524 2106 567 2178 ad
581 2104 678 2178 Genii
690 2103 861 2177 familiaris
875 2102 1046 2177 oraculum
1060 2103 1246 2198 confugisse
1260 2121 1390 2204 :atque

312 2222 392 2296 hine
410 2238 636 2322 exasperatum
654 2223 816 2294 Daemona
840 2219 1056 2295 sciscitatoris
1077 2219 1260 2320 importuni
1287 2237 1391 2319 capnt

312 2338 355 2412 ad
373 2336 550 2412 imminens
568 2335 704 2437 laquear
721 2335 896 2426 afflixisse,
914 2337 1101 2438 itemmque
1118 2335 1247 2410 dimissi
1264 2364 1390 2437 corpus

313 2454 356 2529 ad
376 2453 601 2555 pavimentum
619 2451 854 2553 proturbasse,
871 2452 986 2527 addito
1003 2480 1185 2555 responso;
1211 2452 1300 2527 hune
1316 2479 1391 2527 esse

313 2587 444 2645 motum
454 2569 593 2655 Martis,
612 2585 651 2640 ut
667 2567 768 2641 refert
783 2570 930 2641 loannes
943 2567 1125 2668 Keplems,
1143 2566 1282 2668 epistola
1297 2566 1393 2641 dedi·-

314 2685 437 2760 catoria
454 2684 496 2759 ad
514 2682 732 2785 Rodolphum
750 2684 992 2783 imperatorem.
1010 2686 1099 2757 Tota
1121 2712 1174 2759 res
1192 2684 1392 2783 conjecturis

316 2818 503 2903 peragetur.
516 2802 633 2899 ltaque
644 2799 798 2900 suspicor
810 2799 849 2871 C.
863 2798 991 2872 Julinm
1006 2799 1178 2900 Hyginum
1192 2826 1277 2889 esse,
1289 2828 1391 2901 quem

315 2916 457 2991 Ovidius
470 2914 548 2988 licto
564 2913 696 2987 nomine
711 2915 787 2987 lbin
802 2913 956 3015 appellat.
976 2913 1076 2988 lllum
1094 2915 1248 3016 inquam,
1264 2916 1388 3017 dequo

172 3094 176 3104 ,
314 3034 514 3120 Suetonius,
540 3032 630 3107 libro
659 3033 699 3105 de
722 3032 906 3106 Illnstn‘hus
941 3032 1181 3119 Grmamoticti,
1213 3033 1329 3108 retulit
1352 3036 1388 3108 in

313 3150 383 3223 liaeo
406 3147 534 3221 verba:
563 3182 580 3213 α
599 3148 701 3223 Caius
716 3146 829 3222 Julius
853 3148 1024 3249 Hyginus,
1052 3150 1198 3245 Augusti
1220 3149 1387 3238 libertus,

317 3298 335 3331 s
354 3265 490 3339 natione
509 3263 696 3365 Hispanus,
717 3264 780 3336 etsi
795 3262 949 3337 nonnulli
966 3262 1228 3339 Alexandrinum
1246 3284 1386 3366 putant,

317 3414 334 3445 1³
355 3398 388 3454 et
404 3409 424 3453 a
438 3382 566 3455 (iaesare
578 3407 720 3480 puerum
733 3382 876 3453 Romam
886 3378 1057 3453 advectum
1069 3380 1266 3455 Alexandria
1279 3401 1388 3483 capta,

315 3532 334 3563 »
353 3497 501 3573 studiose
524 3514 558 3570 et
572 3496 665 3570 aride
682 3496 832 3569 imitatus
853 3513 905 3569 est
930 3495 1124 3570 Cornelium
1140 3496 1386 3585 Alexandmm,

315 3646 332 3679 >a
352 3613 600 3708 grammaticum
614 3640 777 3707 gracum,
796 3637 896 3711 quem
904 3629 1044 3712 propter
1056 3611 1263 3713 antiquitatis
1275 3615 1389 3688 notio·

317 3761 334 3791 >³
355 3754 431 3799 nem
451 3723 694 3826 Polyhistorem
718 3721 833 3812 multi,
852 3724 986 3825 qnidam
1010 3726 1192 3800 Historiam
1213 3729 1386 3804 vocabant.

317 3880 334 3911 r
354 3842 492 3917 Praefnit
504 3841 661 3916 Palatino
673 3840 902 3931 bibliothece,
919 3872 979 3915 nec
991 3843 1098 3917 multo
1106 3844 1212 3919 secius
1222 3845 1390 3946 plurimos

318 3995 335 4025 »
356 3959 494 4047 docuit,
517 3958 650 4057 fuitque
669 3957 792 4031 Ovidio
810 3976 919 4058 poeta
934 3957 1227 4049 familiarissimus,
1253 3980 1288 4036 et
1303 3964 1389 4037 Caio

317 4111 335 4141 a
354 4075 484 4151 Licinio
503 4073 669 4147 consulari
687 4074 871 4164 historico,
899 4075 957 4176 qui
974 4105 1049 4151 eum
1062 4077 1243 4151 admodum
1260 4106 1389 4179 paupe-

317 4224 335 4259 »
355 4219 423 4265 rem
435 4189 611 4263 decessisse
622 4189 733 4281 tradit,
742 4206 776 4265 et
789 4188 982 4265 liberalitate
994 4220 1063 4278 sua,
1076 4192 1186 4292 quoad
1197 4193 1295 4278 vixit,
1310 4222 1387 4267 sus-
