3017 5000
420 429 517 497 PER
540 430 574 495 J.
600 426 834 498 MASSON.
1097 430 1164 497 233

255 568 291 623 Et
301 568 403 639 placui,
420 580 522 640 gratare
534 570 617 637 mibi,
629 576 741 641 capique
747 582 830 638 poete

290 660 367 715 luter
378 662 539 717 inhumanus
551 680 652 715 nomeu
664 661 762 717 babere
771 662 861 717 Getas.

257 752 400 807 Materiam
411 753 528 823 queris?
542 752 631 807 laudes
644 751 677 807 de
692 752 796 808 Cosam
809 753 869 807 dixi.

290 843 391 914 Adjuts
403 855 442 899 est
454 844 556 901 novitas
569 850 672 899 sueretu
681 826 772 900 nostri
783 846 843 899 Der'.

256 934 328 990 Nam
336 942 421 1004 patris
435 934 549 1007 tmesi
560 935 639 991 docui
652 940 758 991 modale
767 935 847 991 fuisse

292 1024 414 1097 Cur-pou
427 1026 454 1080 in
469 1025 589 1081 etheria
599 1046 688 1081 ermen
701 1027 783 1081 abisse
796 1027 907 1091 domos;

259 1116 322 1171 Esse
335 1136 428 1187 parem
438 1118 536 1172 virtute
543 1124 628 1187 patri,
645 1120 691 1188 qui
704 1116 784 1173 irena
796 1130 902 1175 euectus

295 1206 371 1278 Seps
381 1213 497 1263 recusati
503 1209 604 1280 ceperit
615 1208 718 1279 imperii
725 1222 775 1265 etr„

109 1334 181 1407 Ecce
197 1353 299 1434 poeta
315 1364 385 1409 nou
403 1334 506 1410 modu
534 1338 714 1437 Augustum
732 1338 800 1436 jam
820 1339 974 1413 functum
997 1367 1036 1413 ae
1057 1368 1176 1419 eonse-

109 1465 223 1523 eratum
236 1449 304 1525 istu
315 1448 507 1526 laudaverat
519 1450 629 1540 libro,
647 1452 707 1527 sed
720 1469 754 1525 et
766 1451 940 1527 Tiberium
958 1453 1030 1553 ejus
1046 1482 1179 1531 sucees-

109 1590 224 1655 sorem,
248 1567 291 1641 ad
308 1568 401 1669 cujus
424 1568 534 1642 lietam
557 1566 688 1642 adludit
707 1568 924 1657 modestiam,
945 1598 1011 1671 qua
1032 1570 1062 1645 is
1087 1570 1179 1647 velut

110 1698 250 1770 coaetus,
264 1699 298 1755 et
310 1710 453 1784 querum
463 1681 617 1756 miseram
632 1710 875 1784 onerosumque
888 1684 954 1757 sibi
966 1682 1097 1784 injungi
1109 1714 1179 1761 ser-

110 1796 258 1883 vitutem,
276 1794 453 1897 imperium
469 1795 619 1896 recepit,
643 1796 694 1869 uti
712 1796 824 1871 doceri
839 1824 859 1870 a
874 1798 993 1872 Tacito
1010 1798 1050 1873 ad
1072 1828 1181 1901 supe-

111 1904 218 1983 riorem
246 1936 396 1998 aunum,
424 1937 459 1983 n.
483 1912 529 2003 4,
548 1909 808 2007 observavimus.
839 1910 949 2007 Igitur
971 1940 1076 2013 quum
1098 1941 1179 1987 mox
1287 1962 1291 1969 ·

113 2022 243 2101 ovidius
262 2026 382 2117 addat,
400 2053 485 2101 vers.
506 2027 553 2127 39
569 2043 602 2101 et
621 2028 691 2120 40:

393 2211 433 2226 ...
451 2174 497 2229 sed
509 2193 554 2227 me
565 2175 640 2243 jam,
653 2172 740 2241 Care,
751 2172 832 2227 nivali

306 2266 401 2321 Sues
412 2266 560 2337 relegatum
572 2280 675 2319 suune
686 2265 735 2320 sub
747 2283 793 2318 axe
805 2263 890 2318 videt:

115 2396 191 2469 Eine
202 2393 417 2469 manifestum
428 2411 499 2483 est,
513 2391 700 2498 Epistulam
712 2371 838 2468 hauries
849 2393 972 2500 dysme,
987 2421 1062 2495 que
1073 2395 1183 2496 proxi·

115 2539 159 2586 me
171 2513 318 2610 Augusti
333 2511 465 2586 obitum
478 2529 592 2586 secuta
607 2530 676 2601 est,
693 2511 795 2600 Cure,
816 2513 931 2588 itidem
944 2528 1050 2613 poeta
1068 2521 1091 2600 ¹,
1104 2513 1185 2586 mis·

115 2633 342 2706 samaNostru
357 2629 475 2717 suime,
489 2629 524 2705 id
541 2647 606 2719 est,
625 2628 677 2705 vel
695 2659 784 2706 anuo
802 2632 973 2732 superiore
990 2629 1182 2717 desinente,

115 2745 156 2820 vel
166 2747 229 2822 boe
242 2747 444 2849 incipiente,
459 2745 551 2848 quod
560 2745 666 2843 magis
677 2747 761 2821 mihi
775 2746 896 2848 placet.
911 2749 977 2821 Vix
990 2747 1079 2820 euim
1092 2749 1184 2822 Naso

116 2883 160 2940 tot
172 2867 313 2942 carmina
333 2883 367 2940 et
383 2864 485 2939 latine
503 2882 536 2938 et
555 2863 661 2960 getice
675 2891 809 2938 exarare
821 2863 1093 2965 ante-superioris
1108 2863 1187 2936 anni

116 2981 204 3057 finem
229 2983 415 3086 potuisset,
435 2996 519 3083 quot
536 2997 611 3054 aute
629 2979 774 3054 vidimus
795 2979 838 3053 ab
855 3009 893 3054 ea
914 2980 1124 3080 conscripta,
1147 3007 1188 3054 ex

120 3129 177 3202 quo
192 3119 351 3190 noverat,
368 3102 562 3196 Augustum
576 3097 772 3186 decessisse,
789 3097 916 3173 seilicet
931 3099 973 3173 ab
988 3116 1127 3173 exeunte
1140 3100 1189 3171 ei-

119 3220 272 3296 tissimum
295 3218 477 3320 Septembri.
497 3217 657 3290 Preterea
671 3232 785 3288 monet
802 3215 959 3289 Severum
975 3212 1128 3317 Epistula
1142 3233 1189 3303 11,

120 3365 148 3411 se
163 3339 216 3413 bis
232 3334 444 3440 temporibus
461 3333 569 3407 rarius
584 3361 683 3434 quam
697 3348 774 3406 ante
786 3329 976 3431 scripsisse,
992 3358 1039 3404 vs.
1055 3327 1189 3404 23-30:

272 3487 316 3541 Da
327 3485 433 3538 reniam
446 3481 529 3546 sasso;
542 3479 636 3536 studiis
649 3498 756 3550 quoque
770 3477 845 3533 frena
857 3478 947 3534 remisi
960 3499 967 3532 ε

308 3577 424 3632 Ducitur
435 3585 463 3629 et
474 3573 562 3645 digitis
572 3577 646 3626 litera
658 3591 719 3625 rara
730 3571 813 3639 meis,
827 3582 875 3625 eto

163 3705 204 3778 ll.
220 3705 372 3780 AEsmtt
383 3729 461 3776 vero
472 3699 611 3799 hujusce
621 3698 699 3772 anni
709 3700 801 3774 Naso
811 3695 998 3801 Epistulam
1010 3717 1032 3771 x
1044 3693 1192 3796 ejusdem

122 3813 192 3892 libri
209 3821 256 3894 lv
273 3817 475 3894 Albinovano
488 3813 616 3888 Pedoni
631 3821 644 3851 ²
661 3812 773 3899 dedit,
794 3841 897 3914 quum
915 3812 962 3887 sic
978 3810 1191 3886 exordiatur:

151 4017 158 4046 ¹
178 4013 246 4069 Vide
257 4014 319 4069 ibid.
332 4033 398 4069 vers.
416 4034 445 4082 1,
464 4033 510 4080 rr,
527 4033 574 4080 rs,
588 4012 637 4080 43,
650 4011 700 4080 46,
714 4030 743 4065 ae
754 4011 839 4082 Epist.
854 4024 996 4079 xv1,vers.
1011 4031 1024 4081 7
1037 4021 1065 4064 et
1076 4013 1106 4075 8,
1119 4007 1192 4062 stude

124 4095 209 4167 beust,
223 4097 323 4153 Carum
335 4098 367 4152 de
383 4101 494 4152 Hercule
505 4113 599 4167 poema
612 4095 740 4166 scripsisse
753 4104 850 4164 ,atque
864 4095 977 4151 Nasonis
983 4094 1099 4150 sodalem
1108 4091 1194 4145 fuisse.

123 4227 127 4234 -
152 4191 163 4220 ¹
178 4191 276 4248 lstuuc
287 4191 415 4262 temporis
431 4191 557 4244 Theseide
564 4186 710 4255 condebat,
723 4205 791 4240 vers.
802 4183 891 4256 7¹74
