<?xml version="1.0" encoding="UTF-8"?>
<!DOCTYPE html PUBLIC "-//W3C//DTD XHTML 1.0 Transitional//EN"
    "http://www.w3.org/TR/xhtml1/DTD/xhtml1-transitional.dtd">
<html xmlns="http://www.w3.org/1999/xhtml" xml:lang="en" lang="en">
 <head>
  <title>
</title>
<meta http-equiv="Content-Type" content="text/html;charset=utf-8" />
  <meta name='ocr-system' content='tesseract 3.04.00' />
  <meta name='ocr-capabilities' content='ocr_page ocr_carea ocr_par ocr_line ocrx_word'/>
</head>
<body>
  <div class='ocr_page' id='page_1' title='image "./publiiovidiinas01unkngoog/publiiovidiinas01unkngoog_0224.png"; bbox 0 0 3017 5000; ppageno 0'>
   <div class='ocr_carea' id='block_1_1' title="bbox 436 487 1185 557">
    <p class='ocr_par' dir='ltr' id='par_1_1' title="bbox 436 487 1185 557">
     <span class='ocr_line' id='line_1_1' title="bbox 436 487 1185 557; baseline -0.007 1"><span class='ocrx_word' id='word_1_1' title='bbox 436 490 535 557; x_wconf 84' lang='lat' dir='ltr'><strong>PER</strong></span> <span class='ocrx_word' id='word_1_2' title='bbox 562 492 595 556; x_wconf 86' lang='lat' dir='ltr'><strong>J.</strong></span> <span class='ocrx_word' id='word_1_3' title='bbox 621 488 852 557; x_wconf 80' lang='lat' dir='ltr'><strong>MASSON.</strong></span> <span class='ocrx_word' id='word_1_4' title='bbox 1119 487 1185 553; x_wconf 78' lang='lat'><strong>213</strong></span> 
     </span>
    </p>
   </div>
   <div class='ocr_carea' id='block_1_2' title="bbox 121 620 1206 1780">
    <p class='ocr_par' dir='ltr' id='par_1_2' title="bbox 121 620 1206 1780">
     <span class='ocr_line' id='line_1_2' title="bbox 125 620 1206 734; baseline -0.003 -29"><span class='ocrx_word' id='word_1_5' title='bbox 125 632 232 734; x_wconf 88' lang='lat' dir='ltr'><strong>quibus</strong></span> <span class='ocrx_word' id='word_1_6' title='bbox 250 629 461 705; x_wconf 80' lang='lat' dir='ltr'><strong>manifestum</strong></span> <span class='ocrx_word' id='word_1_7' title='bbox 488 629 621 726; x_wconf 87' lang='lat' dir='ltr'><strong>quidem</strong></span> <span class='ocrx_word' id='word_1_8' title='bbox 648 649 716 719; x_wconf 89' lang='lat' dir='ltr'><strong>est,</strong></span> <span class='ocrx_word' id='word_1_9' title='bbox 734 628 930 716; x_wconf 87' lang='lat' dir='ltr'><strong>Tiberium,</strong></span> <span class='ocrx_word' id='word_1_10' title='bbox 943 629 989 705; x_wconf 86' lang='lat' dir='ltr'><strong>de</strong></span> <span class='ocrx_word' id='word_1_11' title='bbox 1009 620 1206 702; x_wconf 54' lang='lat' dir='ltr'><strong>Germanii</strong></span> 
     </span>
     <span class='ocr_line' id='line_1_3' title="bbox 122 745 1188 850; baseline -0.002 -27"><span class='ocrx_word' id='word_1_12' title='bbox 122 750 176 849; x_wconf 79' lang='lat' dir='ltr'><strong>jam</strong></span> <span class='ocrx_word' id='word_1_13' title='bbox 194 748 413 850; x_wconf 82' lang='lat' dir='ltr'><strong>triumphata,</strong></span> <span class='ocrx_word' id='word_1_14' title='bbox 436 763 535 848; x_wconf 87' lang='lat' dir='ltr'><strong>atque</strong></span> <span class='ocrx_word' id='word_1_15' title='bbox 562 748 660 821; x_wconf 80' lang='lat' dir='ltr'><strong>etism</strong></span> <span class='ocrx_word' id='word_1_16' title='bbox 686 747 728 821; x_wconf 86' lang='lat' dir='ltr'><strong>de</strong></span> <span class='ocrx_word' id='word_1_17' title='bbox 745 749 820 846; x_wconf 86' lang='lat' dir='ltr'><strong>ejus</strong></span> <span class='ocrx_word' id='word_1_18' title='bbox 844 745 1005 849; x_wconf 82' lang='lat' dir='ltr'><strong>triumphi</strong></span> <span class='ocrx_word' id='word_1_19' title='bbox 1022 745 1188 821; x_wconf 80' lang='lat' dir='ltr'><strong>manubiis</strong></span> 
     </span>
     <span class='ocr_line' id='line_1_4' title="bbox 124 862 1191 942; baseline -0.005 -3"><span class='ocrx_word' id='word_1_20' title='bbox 124 866 211 939; x_wconf 80' lang='lat' dir='ltr'><strong>edem</strong></span> <span class='ocrx_word' id='word_1_21' title='bbox 226 863 422 938; x_wconf 81' lang='lat' dir='ltr'><strong>Concordiae</strong></span> <span class='ocrx_word' id='word_1_22' title='bbox 439 863 675 939; x_wconf 79' lang='lat' dir='ltr'><strong>construxisse.</strong></span> <span class='ocrx_word' id='word_1_23' title='bbox 692 867 739 942; x_wconf 74' lang='lat' dir='ltr'><strong>At</strong></span> <span class='ocrx_word' id='word_1_24' title='bbox 752 892 831 939; x_wconf 81' lang='lat' dir='ltr'><strong>uero</strong></span> <span class='ocrx_word' id='word_1_25' title='bbox 845 862 914 937; x_wconf 80' lang='lat' dir='ltr'><strong>haec</strong></span> <span class='ocrx_word' id='word_1_26' title='bbox 928 880 1008 938; x_wconf 89' lang='lat' dir='ltr'><strong>sunt</strong></span> <span class='ocrx_word' id='word_1_27' title='bbox 1020 862 1062 936; x_wconf 91' lang='lat' dir='ltr'><strong>de</strong></span> <span class='ocrx_word' id='word_1_28' title='bbox 1077 862 1191 935; x_wconf 84' lang='lat' dir='ltr'><strong>uium-</strong></span> 
     </span>
     <span class='ocr_line' id='line_1_5' title="bbox 122 977 1204 1082; baseline -0.004 -29"><span class='ocrx_word' id='word_1_29' title='bbox 122 980 181 1080; x_wconf 88' lang='lat' dir='ltr'><strong>pho</strong></span> <span class='ocrx_word' id='word_1_30' title='bbox 194 978 428 1077; x_wconf 82' lang='lat' dir='ltr'><strong>intelligendu,</strong></span> <span class='ocrx_word' id='word_1_31' title='bbox 442 1010 541 1082; x_wconf 85' lang='lat' dir='ltr'><strong>quem</strong></span> <span class='ocrx_word' id='word_1_32' title='bbox 554 980 610 1057; x_wconf 78' lang='lat' dir='ltr'><strong>itte</strong></span> <span class='ocrx_word' id='word_1_33' title='bbox 625 980 781 1082; x_wconf 86' lang='lat' dir='ltr'><strong>pluribus</strong></span> <span class='ocrx_word' id='word_1_34' title='bbox 795 998 870 1055; x_wconf 83' lang='lat' dir='ltr'><strong>ante</strong></span> <span class='ocrx_word' id='word_1_35' title='bbox 883 981 954 1053; x_wconf 84' lang='lat' dir='ltr'><strong>baee</strong></span> <span class='ocrx_word' id='word_1_36' title='bbox 965 979 1062 1056; x_wconf 84' lang='lat' dir='ltr'><strong>anuis</strong></span> <span class='ocrx_word' id='word_1_37' title='bbox 1073 977 1204 1064; x_wconf 78' lang='lat' dir='ltr'><strong>ductu,¹</strong></span> 
     </span>
     <span class='ocr_line' id='line_1_6' title="bbox 122 1095 1192 1199; baseline -0.002 -30"><span class='ocrx_word' id='word_1_38' title='bbox 122 1095 236 1170; x_wconf 84' lang='lat' dir='ltr'><strong>seilicet</strong></span> <span class='ocrx_word' id='word_1_39' title='bbox 248 1126 299 1171; x_wconf 77' lang='lat' dir='ltr'><strong>an.</strong></span> <span class='ocrx_word' id='word_1_40' title='bbox 316 1100 358 1171; x_wconf 92' lang='lat' dir='ltr'><strong>U.</strong></span> <span class='ocrx_word' id='word_1_41' title='bbox 376 1098 414 1171; x_wconf 89' lang='lat' dir='ltr'><strong>C.</strong></span> <span class='ocrx_word' id='word_1_42' title='bbox 431 1116 623 1187; x_wconf 74' lang='lat' dir='ltr'><strong>Dccxtttll,</strong></span> <span class='ocrx_word' id='word_1_43' title='bbox 642 1127 711 1199; x_wconf 91' lang='lat' dir='ltr'><strong>quo</strong></span> <span class='ocrx_word' id='word_1_44' title='bbox 723 1096 865 1199; x_wconf 80' lang='lat' dir='ltr'><strong>ipsemet</strong></span> <span class='ocrx_word' id='word_1_45' title='bbox 882 1125 958 1171; x_wconf 86' lang='lat' dir='ltr'><strong>cum</strong></span> <span class='ocrx_word' id='word_1_46' title='bbox 973 1096 1096 1169; x_wconf 85' lang='lat' dir='ltr'><strong>Pisone</strong></span> <span class='ocrx_word' id='word_1_47' title='bbox 1109 1120 1192 1167; x_wconf 85' lang='lat' dir='ltr'><strong>con-</strong></span> 
     </span>
     <span class='ocr_line' id='line_1_7' title="bbox 121 1210 1192 1317; baseline -0.004 -31"><span class='ocrx_word' id='word_1_48' title='bbox 121 1212 166 1287; x_wconf 89' lang='lat' dir='ltr'><strong>sul</strong></span> <span class='ocrx_word' id='word_1_49' title='bbox 180 1214 322 1301; x_wconf 88' lang='lat' dir='ltr'><strong>iterum,</strong></span> <span class='ocrx_word' id='word_1_50' title='bbox 341 1215 490 1317; x_wconf 86' lang='lat' dir='ltr'><strong>ipsisque</strong></span> <span class='ocrx_word' id='word_1_51' title='bbox 508 1212 649 1287; x_wconf 78' lang='lat' dir='ltr'><strong>kalendis</strong></span> <span class='ocrx_word' id='word_1_52' title='bbox 663 1213 829 1289; x_wconf 75' lang='lat' dir='ltr'><strong>Januutis</strong></span> <span class='ocrx_word' id='word_1_53' title='bbox 845 1214 990 1313; x_wconf 80' lang='lat' dir='ltr'><strong>templum</strong></span> <span class='ocrx_word' id='word_1_54' title='bbox 1010 1210 1192 1287; x_wconf 81' lang='lat' dir='ltr'><strong>Concordioe</strong></span> 
     </span>
     <span class='ocr_line' id='line_1_8' title="bbox 121 1324 1193 1429; baseline -0.003 -29"><span class='ocrx_word' id='word_1_55' title='bbox 121 1328 226 1402; x_wconf 78' lang='lat' dir='ltr'><strong>u&#39;birnet</strong></span> <span class='ocrx_word' id='word_1_56' title='bbox 246 1329 309 1429; x_wconf 80' lang='lat' dir='ltr'><strong>ipsi</strong></span> <span class='ocrx_word' id='word_1_57' title='bbox 329 1327 520 1428; x_wconf 78' lang='lat' dir='ltr'><strong>reficiendum</strong></span> <span class='ocrx_word' id='word_1_58' title='bbox 544 1329 699 1429; x_wconf 67' lang='lat' dir='ltr'><strong>injunxit,</strong></span> <span class='ocrx_word' id='word_1_59' title='bbox 723 1344 758 1402; x_wconf 82' lang='lat' dir='ltr'><strong>ut</strong></span> <span class='ocrx_word' id='word_1_60' title='bbox 782 1358 837 1403; x_wconf 84' lang='lat' dir='ltr'><strong>suu</strong></span> <span class='ocrx_word' id='word_1_61' title='bbox 853 1344 884 1402; x_wconf 84' lang='lat' dir='ltr'><strong>et</strong></span> <span class='ocrx_word' id='word_1_62' title='bbox 902 1328 1009 1403; x_wconf 83' lang='lat' dir='ltr'><strong>Drusi</strong></span> <span class='ocrx_word' id='word_1_63' title='bbox 1024 1326 1144 1400; x_wconf 82' lang='lat' dir='ltr'><strong>nomine</strong></span> <span class='ocrx_word' id='word_1_64' title='bbox 1156 1324 1193 1397; x_wconf 82' lang='lat' dir='ltr'><strong>id</strong></span> 
     </span>
     <span class='ocr_line' id='line_1_9' title="bbox 121 1444 1191 1546; baseline -0.001 -30"><span class='ocrx_word' id='word_1_65' title='bbox 121 1446 295 1533; x_wconf 83' lang='lat' dir='ltr'><strong>inscn&#39;beret,</strong></span> <span class='ocrx_word' id='word_1_66' title='bbox 314 1474 352 1519; x_wconf 84' lang='lat' dir='ltr'><strong>uc</strong></span> <span class='ocrx_word' id='word_1_67' title='bbox 368 1445 478 1519; x_wconf 80' lang='lat' dir='ltr'><strong>deiude</strong></span> <span class='ocrx_word' id='word_1_68' title='bbox 489 1444 702 1546; x_wconf 64' lang='lat' dir='ltr'><strong>triunphant,</strong></span> <span class='ocrx_word' id='word_1_69' title='bbox 723 1465 879 1520; x_wconf 80' lang='lat' dir='ltr'><strong>narrante</strong></span> <span class='ocrx_word' id='word_1_70' title='bbox 901 1454 909 1484; x_wconf 90' lang='lat'><strong>¹</strong></span> <span class='ocrx_word' id='word_1_71' title='bbox 928 1447 1050 1519; x_wconf 90' lang='lat' dir='ltr'><strong>Dione.</strong></span> <span class='ocrx_word' id='word_1_72' title='bbox 1070 1444 1191 1517; x_wconf 85' lang='lat' dir='ltr'><strong>Sueto-</strong></span> 
     </span>
     <span class='ocr_line' id='line_1_10' title="bbox 122 1560 1190 1665; baseline 0 -30"><span class='ocrx_word' id='word_1_73' title='bbox 122 1563 188 1637; x_wconf 85' lang='lat' dir='ltr'><strong>nius</strong></span> <span class='ocrx_word' id='word_1_74' title='bbox 203 1592 281 1660; x_wconf 84' lang='lat' dir='ltr'><strong>ergo</strong></span> <span class='ocrx_word' id='word_1_75' title='bbox 296 1562 427 1637; x_wconf 86' lang='lat' dir='ltr'><strong>videtur</strong></span> <span class='ocrx_word' id='word_1_76' title='bbox 443 1562 529 1637; x_wconf 89' lang='lat' dir='ltr'><strong>duos</strong></span> <span class='ocrx_word' id='word_1_77' title='bbox 548 1562 752 1639; x_wconf 81' lang='lat' dir='ltr'><strong>confundere</strong></span> <span class='ocrx_word' id='word_1_78' title='bbox 764 1564 892 1638; x_wconf 85' lang='lat' dir='ltr'><strong>Tiberii</strong></span> <span class='ocrx_word' id='word_1_79' title='bbox 908 1564 1108 1665; x_wconf 86' lang='lat' dir='ltr'><strong>triumphos.</strong></span> <span class='ocrx_word' id='word_1_80' title='bbox 1123 1560 1190 1637; x_wconf 86' lang='lat' dir='ltr'><strong>Sed</strong></span> 
     </span>
     <span class='ocr_line' id='line_1_11' title="bbox 124 1678 500 1780; baseline 0.003 -29"><span class='ocrx_word' id='word_1_81' title='bbox 124 1678 157 1753; x_wconf 85' lang='lat' dir='ltr'><strong>de</strong></span> <span class='ocrx_word' id='word_1_82' title='bbox 173 1680 223 1755; x_wconf 89' lang='lat' dir='ltr'><strong>his</strong></span> <span class='ocrx_word' id='word_1_83' title='bbox 238 1681 305 1780; x_wconf 83' lang='lat' dir='ltr'><strong>jam</strong></span> <span class='ocrx_word' id='word_1_84' title='bbox 321 1680 413 1755; x_wconf 80' lang='lat' dir='ltr'><strong>sutis.</strong></span> <span class='ocrx_word' id='word_1_85' title='bbox 497 1746 500 1752; x_wconf 90' lang='lat'><strong>.</strong></span> 
     </span>
    </p>
   </div>
   <div class='ocr_carea' id='block_1_3' title="bbox 513 1850 777 1871">
    <p class='ocr_par' dir='ltr' id='par_1_3' title="bbox 513 1850 777 1871">
     <span class='ocr_line' id='line_1_12' title="bbox 513 1850 777 1871; baseline 0.008 -2"><span class='ocrx_word' id='word_1_86' title='bbox 513 1850 777 1871; x_wconf 58' lang='lat' dir='ltr'><strong>mmm</strong></span> 
     </span>
    </p>
   </div>
   <div class='ocr_carea' id='block_1_4' title="bbox 295 2018 998 2085">
    <p class='ocr_par' dir='ltr' id='par_1_4' title="bbox 295 2018 998 2085">
     <span class='ocr_line' id='line_1_13' title="bbox 295 2018 998 2085; baseline 0.001 -12"><span class='ocrx_word' id='word_1_87' title='bbox 295 2022 378 2074; x_wconf 75' lang='lat' dir='ltr'><strong>Anno</strong></span> <span class='ocrx_word' id='word_1_88' title='bbox 391 2019 424 2074; x_wconf 89' lang='lat' dir='ltr'><strong>C.</strong></span> <span class='ocrx_word' id='word_1_89' title='bbox 438 2036 483 2085; x_wconf 68' lang='grc' dir='ltr'><strong>κη</strong></span> <span class='ocrx_word' id='word_1_90' title='bbox 497 2021 533 2075; x_wconf 90' lang='lat' dir='ltr'><strong>U.</strong></span> <span class='ocrx_word' id='word_1_91' title='bbox 544 2020 576 2074; x_wconf 93' lang='lat' dir='ltr'><strong>C.</strong></span> <span class='ocrx_word' id='word_1_92' title='bbox 590 2030 724 2085; x_wconf 65' lang='lat' dir='ltr'><strong>urceum</strong></span> <span class='ocrx_word' id='word_1_93' title='bbox 739 2018 830 2075; x_wconf 81' lang='lat' dir='ltr'><strong>Ovidii</strong></span> <span class='ocrx_word' id='word_1_94' title='bbox 843 2038 894 2073; x_wconf 79' lang='lat' dir='ltr'><strong>eur</strong></span> <span class='ocrx_word' id='word_1_95' title='bbox 904 2031 931 2074; x_wconf 86' lang='lat' dir='ltr'><strong>et</strong></span> <span class='ocrx_word' id='word_1_96' title='bbox 945 2038 998 2074; x_wconf 80' lang='lat' dir='ltr'><strong>mv.</strong></span> 
     </span>
    </p>
   </div>
   <div class='ocr_carea' id='block_1_5' title="bbox 194 2160 1109 2231">
    <p class='ocr_par' dir='ltr' id='par_1_5' title="bbox 194 2160 1109 2231">
     <span class='ocr_line' id='line_1_14' title="bbox 194 2160 1109 2231; baseline 0 -16"><span class='ocrx_word' id='word_1_97' title='bbox 194 2160 402 2218; x_wconf 79' lang='lat' dir='ltr'><strong>M.AEM11.10</strong></span> <span class='ocrx_word' id='word_1_98' title='bbox 421 2160 581 2231; x_wconf 84' lang='lat' dir='ltr'><strong>LEPIDO,</strong></span> <span class='ocrx_word' id='word_1_99' title='bbox 600 2164 633 2216; x_wconf 88' lang='lat' dir='ltr'><strong>T.</strong></span> <span class='ocrx_word' id='word_1_100' title='bbox 651 2160 831 2217; x_wconf 86' lang='lat' dir='ltr'>STATlLlO</span> <span class='ocrx_word' id='word_1_101' title='bbox 849 2163 986 2219; x_wconf 86' lang='lat' dir='ltr'>TAURO</span> <span class='ocrx_word' id='word_1_102' title='bbox 1005 2162 1109 2219; x_wconf 78' lang='lat' dir='ltr'><strong>COSS.</strong></span> 
     </span>
    </p>
   </div>
   <div class='ocr_carea' id='block_1_6' title="bbox 123 2291 1195 2870">
    <p class='ocr_par' dir='ltr' id='par_1_6' title="bbox 123 2291 1195 2742">
     <span class='ocr_line' id='line_1_15' title="bbox 166 2291 1190 2407; baseline 0.003 -28"><span class='ocrx_word' id='word_1_103' title='bbox 166 2308 189 2379; x_wconf 86' lang='grc' dir='ltr'><strong>Ι.</strong></span> <span class='ocrx_word' id='word_1_104' title='bbox 203 2307 262 2381; x_wconf 83' lang='grc' dir='ltr'><strong>ΑΙ)</strong></span> <span class='ocrx_word' id='word_1_105' title='bbox 278 2291 372 2381; x_wconf 78' lang='lat' dir='ltr'><strong>hune</strong></span> <span class='ocrx_word' id='word_1_106' title='bbox 381 2336 505 2381; x_wconf 86' lang='lat' dir='ltr'><strong>annum</strong></span> <span class='ocrx_word' id='word_1_107' title='bbox 521 2306 650 2381; x_wconf 82' lang='lat' dir='ltr'><strong>adtinet</strong></span> <span class='ocrx_word' id='word_1_108' title='bbox 664 2306 700 2381; x_wconf 87' lang='lat' dir='ltr'><em>T</em></span> <span class='ocrx_word' id='word_1_109' title='bbox 699 2306 815 2381; x_wconf 73' lang='lat' dir='ltr'><strong>risuum</strong></span> <span class='ocrx_word' id='word_1_110' title='bbox 828 2304 915 2380; x_wconf 84' lang='lat' dir='ltr'><strong>liber</strong></span> <span class='ocrx_word' id='word_1_111' title='bbox 929 2308 988 2395; x_wconf 87' lang='lat' dir='ltr'><strong>lv,</strong></span> <span class='ocrx_word' id='word_1_112' title='bbox 1005 2334 1104 2407; x_wconf 87' lang='lat' dir='ltr'><strong>quem</strong></span> <span class='ocrx_word' id='word_1_113' title='bbox 1119 2310 1190 2384; x_wconf 83' lang='lat' dir='ltr'><strong>lto-</strong></span> 
     </span>
     <span class='ocr_line' id='line_1_16' title="bbox 124 2420 1192 2522; baseline 0.005 -31"><span class='ocrx_word' id='word_1_114' title='bbox 124 2446 197 2491; x_wconf 78' lang='lat' dir='ltr'><strong>mem</strong></span> <span class='ocrx_word' id='word_1_115' title='bbox 214 2420 331 2504; x_wconf 87' lang='lat' dir='ltr'><strong>misit,</strong></span> <span class='ocrx_word' id='word_1_116' title='bbox 358 2450 460 2522; x_wconf 87' lang='lat' dir='ltr'><strong>quum</strong></span> <span class='ocrx_word' id='word_1_117' title='bbox 477 2420 512 2493; x_wconf 91' lang='lat' dir='ltr'><strong>in</strong></span> <span class='ocrx_word' id='word_1_118' title='bbox 542 2421 653 2512; x_wconf 79' lang='lat' dir='ltr'><strong>Ponto</strong></span> <span class='ocrx_word' id='word_1_119' title='bbox 680 2420 819 2493; x_wconf 78' lang='lat' dir='ltr'><strong>solt&#39;ciroe</strong></span> <span class='ocrx_word' id='word_1_120' title='bbox 831 2422 951 2522; x_wconf 61' lang='lat' dir='ltr'><strong>lucere!</strong></span> <span class='ocrx_word' id='word_1_121' title='bbox 974 2450 1077 2495; x_wconf 76' lang='lat' dir='ltr'><strong>nurus.</strong></span> <span class='ocrx_word' id='word_1_122' title='bbox 1090 2422 1192 2497; x_wconf 71' lang='lat' dir='ltr'><strong>ricula</strong></span> 
     </span>
     <span class='ocr_line' id='line_1_17' title="bbox 123 2527 1195 2636; baseline 0.005 -31"><span class='ocrx_word' id='word_1_123' title='bbox 123 2533 211 2620; x_wconf 78' lang='lat' dir='ltr'><strong>sedr&#39;s,</strong></span> <span class='ocrx_word' id='word_1_124' title='bbox 229 2535 327 2630; x_wconf 82' lang='lat' dir='ltr'><strong>Eleg.</strong></span> <span class='ocrx_word' id='word_1_125' title='bbox 344 2553 378 2624; x_wconf 86' lang='lat'><strong>1,</strong></span> <span class='ocrx_word' id='word_1_126' title='bbox 396 2564 480 2610; x_wconf 83' lang='lat' dir='ltr'><strong>vers.</strong></span> <span class='ocrx_word' id='word_1_127' title='bbox 499 2533 558 2608; x_wconf 80' lang='lat'><strong>85.</strong></span> <span class='ocrx_word' id='word_1_128' title='bbox 580 2535 711 2635; x_wconf 78' lang='lat' dir='ltr'><strong>Deinde</strong></span> <span class='ocrx_word' id='word_1_129' title='bbox 730 2534 861 2636; x_wconf 88' lang='lat' dir='ltr'><strong>liquido</strong></span> <span class='ocrx_word' id='word_1_130' title='bbox 878 2533 1023 2622; x_wconf 83' lang='lat' dir='ltr'><strong>indicat,</strong></span> <span class='ocrx_word' id='word_1_131' title='bbox 1039 2534 1134 2632; x_wconf 81' lang='lat' dir='ltr'><strong>Eleg.</strong></span> <span class='ocrx_word' id='word_1_132' title='bbox 1152 2527 1195 2610; x_wconf 77' lang='lat' dir='ltr'><strong>vt</strong></span> 
     </span>
     <span class='ocr_line' id='line_1_18' title="bbox 123 2651 1189 2742; baseline 0.007 -19"><span class='ocrx_word' id='word_1_133' title='bbox 123 2678 155 2724; x_wconf 78' lang='lat' dir='ltr'><strong>se</strong></span> <span class='ocrx_word' id='word_1_134' title='bbox 166 2673 216 2728; x_wconf 76' lang='lat' dir='ltr'><strong>Vll</strong></span> <span class='ocrx_word' id='word_1_135' title='bbox 233 2653 382 2729; x_wconf 87' lang='lat' dir='ltr'><strong>seeundo</strong></span> <span class='ocrx_word' id='word_1_136' title='bbox 401 2651 507 2728; x_wconf 82' lang='lat' dir='ltr'><strong>exsilii</strong></span> <span class='ocrx_word' id='word_1_137' title='bbox 521 2683 609 2730; x_wconf 82' lang='lat' dir='ltr'><strong>anno</strong></span> <span class='ocrx_word' id='word_1_138' title='bbox 621 2654 788 2740; x_wconf 78' lang='lat' dir='ltr'><strong>conditam</strong></span> <span class='ocrx_word' id='word_1_139' title='bbox 799 2683 882 2728; x_wconf 84' lang='lat' dir='ltr'><strong>esse.</strong></span> <span class='ocrx_word' id='word_1_140' title='bbox 903 2652 964 2728; x_wconf 77' lang='lat' dir='ltr'>llla</span> <span class='ocrx_word' id='word_1_141' title='bbox 984 2655 1091 2742; x_wconf 88' lang='lat' dir='ltr'><strong>enim,</strong></span> <span class='ocrx_word' id='word_1_142' title='bbox 1104 2683 1189 2730; x_wconf 90' lang='lat' dir='ltr'><strong>vers.</strong></span> 
     </span>
    </p>

    <p class='ocr_par' dir='ltr' id='par_1_7' title="bbox 130 2791 380 2870">
     <span class='ocr_line' id='line_1_19' title="bbox 130 2791 380 2870; baseline 0.024 -30"><span class='ocrx_word' id='word_1_143' title='bbox 130 2797 163 2870; x_wconf 80' lang='lat'><strong>¹9</strong></span> <span class='ocrx_word' id='word_1_144' title='bbox 178 2791 211 2846; x_wconf 88' lang='lat' dir='ltr'><strong>et</strong></span> <span class='ocrx_word' id='word_1_145' title='bbox 228 2799 295 2861; x_wconf 86' lang='lat'><strong>20,</strong></span> <span class='ocrx_word' id='word_1_146' title='bbox 312 2791 380 2846; x_wconf 84' lang='lat' dir='ltr'><strong>art:</strong></span> 
     </span>
    </p>
   </div>
   <div class='ocr_carea' id='block_1_7' title="bbox 279 2921 915 3084">
    <p class='ocr_par' dir='ltr' id='par_1_8' title="bbox 279 2921 915 3084">
     <span class='ocr_line' id='line_1_20' title="bbox 279 2921 915 2992; baseline 0 -16"><span class='ocrx_word' id='word_1_147' title='bbox 279 2922 320 2976; x_wconf 81' lang='lat' dir='ltr'><strong>Ut</strong></span> <span class='ocrx_word' id='word_1_148' title='bbox 330 2921 414 2991; x_wconf 79' lang='lat' dir='ltr'><strong>patria</strong></span> <span class='ocrx_word' id='word_1_149' title='bbox 425 2941 520 2986; x_wconf 77' lang='lat' dir='ltr'><strong>careo,</strong></span> <span class='ocrx_word' id='word_1_150' title='bbox 534 2921 572 2976; x_wconf 92' lang='lat' dir='ltr'><strong>bis</strong></span> <span class='ocrx_word' id='word_1_151' title='bbox 582 2921 700 2992; x_wconf 73' lang='lat' dir='ltr'><strong>frugibus</strong></span> <span class='ocrx_word' id='word_1_152' title='bbox 711 2942 773 2978; x_wconf 78' lang='lat' dir='ltr'><strong>area</strong></span> <span class='ocrx_word' id='word_1_153' title='bbox 784 2923 847 2978; x_wconf 80' lang='lat' dir='ltr'><strong>trita</strong></span> <span class='ocrx_word' id='word_1_154' title='bbox 858 2925 915 2985; x_wconf 71' lang='lat' dir='ltr'><strong>esi,</strong></span> 
     </span>
     <span class='ocr_line' id='line_1_21' title="bbox 313 3013 864 3084; baseline -0.004 -16"><span class='ocrx_word' id='word_1_155' title='bbox 313 3013 433 3068; x_wconf 81' lang='lat' dir='ltr'><strong>Dissiluit</strong></span> <span class='ocrx_word' id='word_1_156' title='bbox 443 3015 518 3068; x_wconf 87' lang='lat' dir='ltr'><strong>nudo</strong></span> <span class='ocrx_word' id='word_1_157' title='bbox 528 3033 616 3084; x_wconf 77' lang='lat' dir='ltr'><strong>pressu</strong></span> <span class='ocrx_word' id='word_1_158' title='bbox 626 3014 666 3067; x_wconf 80' lang='lat' dir='ltr'><strong>bis</strong></span> <span class='ocrx_word' id='word_1_159' title='bbox 677 3033 726 3068; x_wconf 77' lang='lat' dir='ltr'><strong>uva</strong></span> <span class='ocrx_word' id='word_1_160' title='bbox 740 3014 817 3084; x_wconf 87' lang='lat' dir='ltr'><strong>pede.</strong></span> <span class='ocrx_word' id='word_1_161' title='bbox 860 3071 864 3079; x_wconf 58' lang='grc'><strong>,</strong></span> 
     </span>
    </p>
   </div>
   <div class='ocr_carea' id='block_1_8' title="bbox 122 3121 1308 3698">
    <p class='ocr_par' dir='ltr' id='par_1_9' title="bbox 122 3121 1308 3698">
     <span class='ocr_line' id='line_1_22' title="bbox 125 3121 1308 3238; baseline 0.002 -34"><span class='ocrx_word' id='word_1_162' title='bbox 125 3131 236 3232; x_wconf 88' lang='lat' dir='ltr'><strong>quibus</strong></span> <span class='ocrx_word' id='word_1_163' title='bbox 263 3134 449 3238; x_wconf 78' lang='lat' dir='ltr'><strong>signifieat,</strong></span> <span class='ocrx_word' id='word_1_164' title='bbox 471 3163 506 3208; x_wconf 90' lang='lat' dir='ltr'><strong>se</strong></span> <span class='ocrx_word' id='word_1_165' title='bbox 528 3132 616 3208; x_wconf 85' lang='lat' dir='ltr'><strong>haud</strong></span> <span class='ocrx_word' id='word_1_166' title='bbox 634 3121 711 3210; x_wconf 78' lang='lat' dir='ltr'><strong>ante</strong></span> <span class='ocrx_word' id='word_1_167' title='bbox 726 3133 829 3232; x_wconf 87' lang='lat' dir='ltr'><strong>hujus</strong></span> <span class='ocrx_word' id='word_1_168' title='bbox 844 3131 922 3206; x_wconf 81' lang='lat' dir='ltr'><strong>anni</strong></span> <span class='ocrx_word' id='word_1_169' title='bbox 945 3150 1143 3206; x_wconf 80' lang='lat' dir='ltr'><strong>autumnum</strong></span> <span class='ocrx_word' id='word_1_170' title='bbox 1158 3132 1195 3206; x_wconf 87' lang='lat' dir='ltr'><strong>id</strong></span> <span class='ocrx_word' id='word_1_171' title='bbox 1305 3179 1308 3184; x_wconf 96' lang='lat'>-</span> 
     </span>
     <span class='ocr_line' id='line_1_23' title="bbox 124 3247 1194 3352; baseline -0.003 -28"><span class='ocrx_word' id='word_1_172' title='bbox 124 3276 244 3327; x_wconf 70' lang='lat' dir='ltr'><strong>mrmen</strong></span> <span class='ocrx_word' id='word_1_173' title='bbox 258 3249 451 3352; x_wconf 72' lang='lat' dir='ltr'><strong>scripsisse,</strong></span> <span class='ocrx_word' id='word_1_174' title='bbox 467 3250 632 3352; x_wconf 86' lang='lat' dir='ltr'><strong>siquidem</strong></span> <span class='ocrx_word' id='word_1_175' title='bbox 646 3249 688 3323; x_wconf 88' lang='lat' dir='ltr'><strong>ab</strong></span> <span class='ocrx_word' id='word_1_176' title='bbox 704 3277 791 3330; x_wconf 82' lang='lat' dir='ltr'><strong>anno</strong></span> <span class='ocrx_word' id='word_1_177' title='bbox 806 3251 851 3321; x_wconf 93' lang='lat' dir='ltr'><strong>U.</strong></span> <span class='ocrx_word' id='word_1_178' title='bbox 867 3249 907 3322; x_wconf 90' lang='lat' dir='ltr'><strong>C.</strong></span> <span class='ocrx_word' id='word_1_179' title='bbox 926 3265 1069 3351; x_wconf 67' lang='lat' dir='ltr'><strong>Dectxlt</strong></span> <span class='ocrx_word' id='word_1_180' title='bbox 1084 3247 1194 3351; x_wconf 81' lang='lat' dir='ltr'><strong>exspi-</strong></span> 
     </span>
     <span class='ocr_line' id='line_1_24' title="bbox 123 3366 1195 3474; baseline 0.003 -35"><span class='ocrx_word' id='word_1_181' title='bbox 123 3387 229 3458; x_wconf 85' lang='lat' dir='ltr'><strong>rante,</strong></span> <span class='ocrx_word' id='word_1_182' title='bbox 248 3398 317 3471; x_wconf 85' lang='lat' dir='ltr'><strong>quo</strong></span> <span class='ocrx_word' id='word_1_183' title='bbox 332 3371 440 3471; x_wconf 79' lang='lat' dir='ltr'><strong>patrie</strong></span> <span class='ocrx_word' id='word_1_184' title='bbox 457 3367 577 3474; x_wconf 88' lang='lat' dir='ltr'><strong>pulsus</strong></span> <span class='ocrx_word' id='word_1_185' title='bbox 595 3385 664 3454; x_wconf 86' lang='lat' dir='ltr'><strong>est,</strong></span> <span class='ocrx_word' id='word_1_186' title='bbox 681 3394 741 3442; x_wconf 74' lang='lat' dir='ltr'><strong>ura</strong></span> <span class='ocrx_word' id='word_1_187' title='bbox 761 3368 808 3441; x_wconf 82' lang='lat' dir='ltr'><strong>bis</strong></span> <span class='ocrx_word' id='word_1_188' title='bbox 823 3393 932 3467; x_wconf 79' lang='lat' dir='ltr'><strong>pressu</strong></span> <span class='ocrx_word' id='word_1_189' title='bbox 956 3366 1023 3439; x_wconf 90' lang='lat' dir='ltr'><strong>diei</strong></span> <span class='ocrx_word' id='word_1_190' title='bbox 1044 3395 1113 3441; x_wconf 88' lang='lat' dir='ltr'><strong>non</strong></span> <span class='ocrx_word' id='word_1_191' title='bbox 1131 3395 1195 3469; x_wconf 87' lang='lat' dir='ltr'><strong>po-</strong></span> 
     </span>
     <span class='ocr_line' id='line_1_25' title="bbox 125 3484 1193 3588; baseline 0.005 -32"><span class='ocrx_word' id='word_1_192' title='bbox 125 3484 199 3572; x_wconf 89' lang='lat' dir='ltr'><strong>tuit,</strong></span> <span class='ocrx_word' id='word_1_193' title='bbox 215 3488 280 3562; x_wconf 88' lang='lat' dir='ltr'><strong>nisi</strong></span> <span class='ocrx_word' id='word_1_194' title='bbox 295 3486 428 3562; x_wconf 88' lang='lat' dir='ltr'><strong>demum</strong></span> <span class='ocrx_word' id='word_1_195' title='bbox 440 3503 522 3588; x_wconf 87' lang='lat' dir='ltr'><strong>post</strong></span> <span class='ocrx_word' id='word_1_196' title='bbox 530 3485 669 3586; x_wconf 87' lang='lat' dir='ltr'><strong>hujusce</strong></span> <span class='ocrx_word' id='word_1_197' title='bbox 681 3485 759 3560; x_wconf 80' lang='lat' dir='ltr'><strong>anni</strong></span> <span class='ocrx_word' id='word_1_198' title='bbox 774 3484 966 3560; x_wconf 83' lang='lat' dir='ltr'><strong>vindemias.</strong></span> <span class='ocrx_word' id='word_1_199' title='bbox 985 3484 1103 3582; x_wconf 79' lang='lat' dir='ltr'><strong>Elegia</strong></span> <span class='ocrx_word' id='word_1_200' title='bbox 1114 3516 1193 3563; x_wconf 88' lang='lat' dir='ltr'><strong>vero</strong></span> 
     </span>
     <span class='ocr_line' id='line_1_26' title="bbox 122 3603 654 3698; baseline 0.004 -27"><span class='ocrx_word' id='word_1_201' title='bbox 122 3617 172 3673; x_wconf 74' lang='lat' dir='ltr'><strong>vn</strong></span> <span class='ocrx_word' id='word_1_202' title='bbox 186 3603 318 3691; x_wconf 81' lang='lat' dir='ltr'><strong>scribit,</strong></span> <span class='ocrx_word' id='word_1_203' title='bbox 332 3631 417 3676; x_wconf 84' lang='lat' dir='ltr'><strong>vers.</strong></span> <span class='ocrx_word' id='word_1_204' title='bbox 443 3627 456 3673; x_wconf 93' lang='lat'>1</span> <span class='ocrx_word' id='word_1_205' title='bbox 479 3619 513 3676; x_wconf 88' lang='lat' dir='ltr'><strong>et</strong></span> <span class='ocrx_word' id='word_1_206' title='bbox 531 3627 575 3673; x_wconf 87' lang='lat'><strong>2:</strong></span> <span class='ocrx_word' id='word_1_207' title='bbox 651 3691 654 3698; x_wconf 25' lang='grc' dir='ltr'>Ι</span> 
     </span>
    </p>
   </div>
   <div class='ocr_carea' id='block_1_9' title="bbox 277 3747 922 3912">
    <p class='ocr_par' dir='ltr' id='par_1_10' title="bbox 277 3747 922 3912">
     <span class='ocr_line' id='line_1_27' title="bbox 277 3747 922 3820; baseline -0.002 -15"><span class='ocrx_word' id='word_1_208' title='bbox 277 3749 322 3805; x_wconf 85' lang='lat' dir='ltr'><strong>Bis</strong></span> <span class='ocrx_word' id='word_1_209' title='bbox 334 3770 379 3804; x_wconf 89' lang='lat' dir='ltr'><strong>me</strong></span> <span class='ocrx_word' id='word_1_210' title='bbox 392 3749 431 3804; x_wconf 83' lang='lat' dir='ltr'><strong>sol</strong></span> <span class='ocrx_word' id='word_1_211' title='bbox 443 3747 507 3804; x_wconf 79' lang='lat' dir='ltr'><strong>adiit</strong></span> <span class='ocrx_word' id='word_1_212' title='bbox 518 3748 611 3819; x_wconf 65' lang='lat' dir='ltr'><strong>gelida</strong></span> <span class='ocrx_word' id='word_1_213' title='bbox 622 3760 680 3818; x_wconf 76' lang='lat' dir='ltr'><strong>pust</strong></span> <span class='ocrx_word' id='word_1_214' title='bbox 689 3749 790 3820; x_wconf 73' lang='lat' dir='ltr'><strong>frigora</strong></span> <span class='ocrx_word' id='word_1_215' title='bbox 802 3749 922 3816; x_wconf 71' lang='lat' dir='ltr'><strong>brume,</strong></span> 
     </span>
     <span class='ocr_line' id='line_1_28' title="bbox 313 3841 921 3912; baseline -0.007 -16"><span class='ocrx_word' id='word_1_216' title='bbox 313 3842 410 3912; x_wconf 80' lang='lat' dir='ltr'><strong>Bisque</strong></span> <span class='ocrx_word' id='word_1_217' title='bbox 423 3857 501 3896; x_wconf 79' lang='lat' dir='ltr'><strong>suurn</strong></span> <span class='ocrx_word' id='word_1_218' title='bbox 512 3851 581 3896; x_wconf 78' lang='lat' dir='ltr'><strong>tacto</strong></span> <span class='ocrx_word' id='word_1_219' title='bbox 594 3841 667 3896; x_wconf 82' lang='lat' dir='ltr'><strong>Pisce</strong></span> <span class='ocrx_word' id='word_1_220' title='bbox 679 3841 781 3912; x_wconf 76' lang='lat' dir='ltr'><strong>peregit</strong></span> <span class='ocrx_word' id='word_1_221' title='bbox 791 3842 858 3910; x_wconf 88' lang='lat' dir='ltr'><strong>iter,</strong></span> <span class='ocrx_word' id='word_1_222' title='bbox 871 3851 921 3895; x_wconf 83' lang='lat' dir='ltr'><strong>ete.</strong></span> 
     </span>
    </p>
   </div>
   <div class='ocr_carea' id='block_1_10' title="bbox 121 4007 1194 4344">
    <p class='ocr_par' dir='ltr' id='par_1_11' title="bbox 121 4007 1194 4252">
     <span class='ocr_line' id='line_1_29' title="bbox 121 4007 1194 4080; baseline 0 -18"><span class='ocrx_word' id='word_1_223' title='bbox 121 4010 161 4064; x_wconf 75' lang='lat' dir='ltr'><strong>tis.</strong></span> <span class='ocrx_word' id='word_1_224' title='bbox 172 4009 215 4077; x_wconf 82' lang='lat' dir='ltr'><strong>tl,</strong></span> <span class='ocrx_word' id='word_1_225' title='bbox 225 4031 289 4066; x_wconf 79' lang='lat' dir='ltr'><strong>vere.</strong></span> <span class='ocrx_word' id='word_1_226' title='bbox 306 4007 373 4066; x_wconf 76' lang='lat'>151&#39;:</span> <span class='ocrx_word' id='word_1_227' title='bbox 389 4031 403 4060; x_wconf 76' lang='lat' dir='ltr'><strong>e</strong></span> <span class='ocrx_word' id='word_1_228' title='bbox 417 4013 493 4066; x_wconf 66' lang='lat' dir='ltr'><strong>lisia</strong></span> <span class='ocrx_word' id='word_1_229' title='bbox 508 4011 545 4066; x_wconf 80' lang='lat' dir='ltr'><strong>eie</strong></span> <span class='ocrx_word' id='word_1_230' title='bbox 557 4022 647 4080; x_wconf 82' lang='lat' dir='ltr'><strong>tecum</strong></span> <span class='ocrx_word' id='word_1_231' title='bbox 658 4011 765 4066; x_wconf 77' lang='lat' dir='ltr'><strong>sociales</strong></span> <span class='ocrx_word' id='word_1_232' title='bbox 775 4009 908 4080; x_wconf 79' lang='lat' dir='ltr'><strong>compleat</strong></span> <span class='ocrx_word' id='word_1_233' title='bbox 919 4027 1029 4076; x_wconf 66' lang='lat' dir='ltr'><strong>annos,</strong></span> <span class='ocrx_word' id='word_1_234' title='bbox 1045 4009 1131 4078; x_wconf 64' lang='lat' dir='ltr'><strong>Qua,</strong></span> <span class='ocrx_word' id='word_1_235' title='bbox 1143 4007 1194 4063; x_wconf 79' lang='lat' dir='ltr'><strong>nisi</strong></span> 
     </span>
     <span class='ocr_line' id='line_1_30' title="bbox 121 4095 1169 4169; baseline -0.002 -21"><span class='ocrx_word' id='word_1_236' title='bbox 121 4107 162 4162; x_wconf 89' lang='lat' dir='ltr'><strong>te,</strong></span> <span class='ocrx_word' id='word_1_237' title='bbox 175 4095 245 4150; x_wconf 84' lang='lat' dir='ltr'><strong>nulio</strong></span> <span class='ocrx_word' id='word_1_238' title='bbox 256 4099 369 4169; x_wconf 76' lang='lat' dir='ltr'><strong>coniuge</strong></span> <span class='ocrx_word' id='word_1_239' title='bbox 382 4096 539 4168; x_wconf 73' lang='lat' dir='ltr'><strong>dignafui13</strong></span> <span class='ocrx_word' id='word_1_240' title='bbox 554 4120 567 4144; x_wconf 75' lang='lat' dir='ltr'><strong>n</strong></span> <span class='ocrx_word' id='word_1_241' title='bbox 580 4107 608 4151; x_wconf 88' lang='lat' dir='ltr'><strong>et</strong></span> <span class='ocrx_word' id='word_1_242' title='bbox 622 4117 653 4150; x_wconf 83' lang='lat' dir='ltr'><strong>er</strong></span> <span class='ocrx_word' id='word_1_243' title='bbox 665 4097 769 4164; x_wconf 88' lang='lat' dir='ltr'><strong>Ponto,</strong></span> <span class='ocrx_word' id='word_1_244' title='bbox 781 4095 825 4150; x_wconf 81' lang='lat' dir='ltr'><strong>tib.</strong></span> <span class='ocrx_word' id='word_1_245' title='bbox 842 4097 884 4162; x_wconf 90' lang='lat'><strong>11,</strong></span> <span class='ocrx_word' id='word_1_246' title='bbox 901 4095 954 4167; x_wconf 85' lang='lat' dir='ltr'><strong>Ep.</strong></span> <span class='ocrx_word' id='word_1_247' title='bbox 967 4113 1036 4162; x_wconf 80' lang='lat' dir='ltr'><strong>vrri,</strong></span> <span class='ocrx_word' id='word_1_248' title='bbox 1056 4114 1122 4148; x_wconf 82' lang='lat' dir='ltr'><strong>vers.</strong></span> <span class='ocrx_word' id='word_1_249' title='bbox 1136 4115 1169 4167; x_wconf 73' lang='lat'><strong>²9</strong></span> 
     </span>
     <span class='ocr_line' id='line_1_31' title="bbox 123 4179 966 4252; baseline -0.004 -16"><span class='ocrx_word' id='word_1_250' title='bbox 123 4203 135 4228; x_wconf 72' lang='grc' dir='ltr'><strong><em>α</em></strong></span> <span class='ocrx_word' id='word_1_251' title='bbox 148 4182 249 4251; x_wconf 80' lang='lat' dir='ltr'><strong>Perque</strong></span> <span class='ocrx_word' id='word_1_252' title='bbox 260 4181 436 4252; x_wconf 68' lang='lat' dir='ltr'><strong>torinneium,</strong></span> <span class='ocrx_word' id='word_1_253' title='bbox 450 4199 510 4252; x_wconf 82' lang='lat' dir='ltr'><strong>ques</strong></span> <span class='ocrx_word' id='word_1_254' title='bbox 520 4180 626 4251; x_wconf 74' lang='lat' dir='ltr'><strong>pertibi</strong></span> <span class='ocrx_word' id='word_1_255' title='bbox 636 4179 691 4236; x_wconf 78' lang='lat' dir='ltr'><strong>suh</strong></span> <span class='ocrx_word' id='word_1_256' title='bbox 703 4191 809 4249; x_wconf 80' lang='lat' dir='ltr'><strong>reperta</strong></span> <span class='ocrx_word' id='word_1_257' title='bbox 819 4189 877 4246; x_wconf 83' lang='lat' dir='ltr'><strong>est,</strong></span> <span class='ocrx_word' id='word_1_258' title='bbox 889 4189 941 4234; x_wconf 78' lang='lat' dir='ltr'><strong>ete.</strong></span> <span class='ocrx_word' id='word_1_259' title='bbox 950 4201 966 4226; x_wconf 68' lang='grc' dir='ltr'><em>ν</em></span> 
     </span>
    </p>

    <p class='ocr_par' dir='ltr' id='par_1_12' title="bbox 155 4271 448 4344">
     <span class='ocr_line' id='line_1_32' title="bbox 155 4271 448 4344; baseline 0 -18"><span class='ocrx_word' id='word_1_260' title='bbox 155 4275 163 4304; x_wconf 89' lang='lat'>¹</span> <span class='ocrx_word' id='word_1_261' title='bbox 183 4271 236 4326; x_wconf 84' lang='lat' dir='ltr'><strong>lib.</strong></span> <span class='ocrx_word' id='word_1_262' title='bbox 247 4273 306 4339; x_wconf 85' lang='lat' dir='ltr'><strong>LV,</strong></span> <span class='ocrx_word' id='word_1_263' title='bbox 318 4291 376 4344; x_wconf 78' lang='lat' dir='ltr'><strong>pag.</strong></span> <span class='ocrx_word' id='word_1_264' title='bbox 391 4273 448 4328; x_wconf 85' lang='grc'>553.</span> 
     </span>
    </p>
   </div>
   <div class='ocr_carea' id='block_1_11' title="bbox 0 0 1516 5000">
    <p class='ocr_par' dir='ltr' id='par_1_13' title="bbox 0 0 1516 5000">
     <span class='ocr_line' id='line_1_33' title="bbox 0 0 1516 5000; baseline 0 0"><span class='ocrx_word' id='word_1_265' title='bbox 0 0 1516 5000; x_wconf 95' lang='lat' dir='ltr'><strong> </strong></span> 
     </span>
    </p>
   </div>
  </div>
 </body>
</html>
