3017 5000
437 489 489 557 su
511 489 693 564 ovsnu
718 491 840 562 salu.
1134 495 1179 588 s,

28 611 30 664 l
112 639 194 714 Naso
209 635 282 734 jore
298 633 336 709 in
353 633 466 734 ipsum
481 633 650 720 invectus,
667 631 908 711 Callimachum
920 634 1044 711 imitari
1054 635 1184 726 volutes

28 743 29 752 ἵ
113 750 228 838 scilicet
239 767 280 824 ut
294 747 354 824 ille
367 747 612 850 Apollonium,
629 752 720 852 quod
734 751 979 829 Alexandrinus
988 771 1091 841 esset,
1106 754 1185 832 Ibin

111 867 303 970 adpellarit,
319 867 393 968 ipse
409 866 534 968 puriter
547 868 737 968 Hyginum,
753 868 813 970 qui
825 897 845 943 a
856 867 1031 946 nonnullis
1038 868 1187 946 Alexan-

28 983 29 998 ³
113 983 224 1068 dinus
235 981 374 1056 habitus
385 999 454 1071 est,
471 981 549 1061 lbin
562 983 732 1074 rooitsret.
745 983 997 1061 Advertenclum
1010 1001 1187 1086 praeterea,

113 1096 394 1199 quodibidipum
407 1099 539 1173 Nasone
554 1097 748 1196 jusarctum
760 1097 1017 1177 necessitudinis
1029 1099 1188 1182 intereos
1242 1142 1246 1149 ·

112 1233 210 1302 auat,
230 1233 271 1292 nt
284 1243 327 1290 ex
342 1215 398 1289 his
416 1213 546 1315 liquido
563 1231 678 1316 patet:

277 1352 394 1418 Desinet
402 1373 458 1410 asse
469 1354 543 1425 pr'ms
554 1352 701 1416 contentius
713 1354 819 1424 ignibus
832 1354 947 1422 burum,
986 1387 992 1402 .

322 1439 475 1508 Junotaque
487 1458 550 1494 cum
562 1439 638 1498 Luna
650 1438 751 1502 lumina
763 1439 830 1496 Solis
841 1450 930 1497 eruut.

114 1551 239 1629 Deinde
255 1569 338 1654 post
353 1556 483 1626 ἀδύνατα
498 1551 622 1641 multa,

281 1695 374 1766 Quaen
386 1695 452 1750 milri
463 1693 500 1752 sit
509 1705 616 1764 tecum
628 1695 718 1766 positis
730 1714 790 1765 qu
799 1697 961 1766 mpsim
971 1695 1070 1765 amab,

313 1776 423 1842 Gratia,
436 1777 579 1832 commissis
592 1776 711 1848 improbe
724 1790 802 1848 rupta
814 1781 875 1832 tuis.

118 1891 187 1964 lloc
204 1906 259 1963 est
281 1886 382 1989 plane
403 1887 495 1988 quod
512 1885 554 1961 de
570 1888 708 1990 Hygino
727 1889 909 1963 Suetonius
936 1907 1094 1964 testatum
1116 1889 1197 1964 reli·

118 2006 197 2106 quit„
213 2005 392 2077 Postremo
402 2031 504 2104 quum
514 1999 569 2074 ille
580 2003 751 2103 Hyginum
761 2003 1130 2106 admodumpauperem
1145 2005 1199 2078 de-

28 2109 29 2184 }
119 2119 253 2194 cessisse
272 2117 399 2206 tradit,
421 2115 612 2216 conjectura
627 2146 699 2191 mea
719 2118 840 2192 mirum
860 2119 894 2192 in
913 2119 1050 2192 modum
1075 2119 1195 2209 conlir-

28 2211 29 2264 l
119 2251 241 2324 matur3
259 2231 368 2308 thius
386 2233 473 2322 enim
491 2249 718 2335 paupertatem
741 2233 886 2308 Ovidius
901 2233 973 2334 ipse
989 2233 1120 2324 innuit,
1136 2235 1199 2309 hac

28 2381 29 2444 f
121 2353 375 2456 imprecatione,
397 2379 496 2453 quam
513 2351 685 2426 Domitius
702 2380 771 2424 non
789 2351 959 2452 percepit:
1054 2387 1057 2393 ⁴

283 2491 367 2548 Filius
379 2504 406 2547 et
418 2490 526 2548 Cereris
535 2492 635 2547 frustra
647 2493 694 2549 tibi
708 2514 816 2566 semper
827 2506 947 2564 ametur,

314 2580 504 2649 Destituatque
516 2588 573 2633 tuas
584 2598 667 2649 usque
679 2580 777 2649 petitos
787 2598 859 2650 opes.
912 2605 915 2610 ⁴

28 2768 29 2771 ,
119 2692 288 2767 Nasonem
298 2690 387 2765 enim
395 2707 512 2764 votum
522 2706 593 2779 est,
611 2708 651 2765 ut
662 2686 800 2779 Plutus,
820 2692 950 2766 Cereris
960 2711 994 2767 et
1003 2693 1082 2767 Iasii
1090 2693 1196 2783 filius,

28 2850 29 2913 3
119 2808 375 2911 quidiritiarum
390 2807 535 2882 Deusab
544 2808 835 2909 antiquishabitus
845 2826 910 2897 est,
920 2807 1077 2885 molestas
1091 2812 1199 2887 Ibidis

120 2954 230 3028 preces
247 2954 423 3027 nunqnam
438 2924 605 3012 exaudiat,
624 2950 767 3025 eumque
781 2952 910 3025 semper
922 2923 1036 3028 iuopia
1047 2919 1199 3003 laborare

28 3116 29 3145 Ξ
121 3044 211 3118 sinat.
232 3046 268 3117 ls
286 3060 338 3117 est
355 3058 487 3129 autem,
506 3042 611 3142 cujus¹
623 3039 843 3143 mythologici
861 3038 940 3112 libri
960 3042 1111 3117 omnium
1129 3073 1201 3119 ma-

28 3212 29 3237 2
122 3164 218 3238 mbos
236 3162 311 3237 triti
330 3177 532 3263 supersunt,
557 3177 596 3232 ut
616 3160 735 3236 merito
753 3158 877 3233 fabulis
895 3159 982 3248 suis,
1001 3162 1096 3261 quasi
1120 3192 1200 3265 pro-

28 3270 30 3357 l
121 3280 197 3379 priis
216 3278 341 3365 annis,
356 3274 502 3375 jugulari
519 3275 679 3349 videatur.
698 3278 824 3349 Annon
842 3275 977 3350 mirifice
997 3280 1108 3353 omnia
1126 3309 1203 3356 con-

28 3440 29 3489 p
121 3398 280 3470 ueniunt?
299 3394 464 3469 Caeterum
483 3390 627 3465 disticho
645 3392 801 3490 superius
822 3390 968 3468 adducto
988 3396 1201 3498 Cinyphius,

123 3509 153 3583 id
170 3531 235 3600 est,
253 3508 434 3584 Afficanus
448 3504 646 3606 aCinyphe,
661 3502 803 3605 Libyam
816 3502 976 3596 alluente,
993 3512 1200 3601 nominatur,

28 3642 29 3645 ’
126 3628 291 3729 quomodo
309 3624 419 3713 Juba,
438 3623 740 3713 Mauritaniaerex,
760 3620 803 3695 al)
824 3622 939 3698 eodem
957 3627 1110 3719 Nasone,
1129 3628 1204 3701 Me-

122 3742 350 3843 tuuorpltoseou
369 3740 430 3812 lib.
449 3741 501 3811 V:
660 3736 663 3745 ’
1138 3769 1152 3773 ··

574 3856 756 3928 Numidasque
767 3856 877 3913 rebelles
888 3901 896 3928 ,

322 3944 542 4019 Cinyphiumque
554 3944 671 4008 tuem
969 3994 972 4001 .

125 4074 155 4133 u
169 4056 322 4133 llocchus
340 4084 360 4129 a
376 4052 517 4126 Sidonio
534 4051 736 4151 Panegyrico
752 4052 956 4151 Majoriani:

316 4180 321 4189 '
359 4176 363 4183 ’
641 4176 714 4231 Cum
726 4176 806 4232 divite
818 4198 879 4232 cera

319 4268 420 4339 Pingea
434 4262 562 4339 Cinyphii
570 4263 674 4332 captiva
686 4258 801 4331 Mapalia
814 4259 919 4316 Bocchi,
