3017 5000
488 483 541 552 IN
565 486 744 555 OVIDII
769 487 893 556 IBIN.
1076 512 1083 520 ·
1181 490 1220 556 6ι

352 647 475 703 livorem
488 649 587 719 pepulit
596 649 674 704 simul
685 649 744 716 ille,
759 650 889 720 simulque
902 650 1011 706 locutus.

349 741 472 812 Assyrius
485 740 536 794 late
548 738 608 794 lluit
620 741 720 808 amnia,
735 751 763 794 at
773 740 815 794 ille
829 741 951 811 palustris

350 829 471 884 illuviem
485 839 563 884 terro)
575 829 718 900 sordesque
731 830 872 885 volutatio
885 831 973 886 undis.

349 919 412 972 Non
426 919 516 989 quovis
530 918 624 974 Cereri
634 918 715 975 libant
728 941 742 975 e
756 921 833 976 sonte
846 923 978 990 Melissa,

349 1008 405 1062 Sed
418 1011 462 1078 qui
474 1009 599 1079 limpidus
612 1021 667 1076 est,
681 1021 708 1064 et
721 1010 776 1064 limi
787 1011 888 1081 prosilit
900 1032 1011 1083 expers,

350 1097 432 1154 Sacro
443 1100 517 1156 {oute
530 1100 599 1156 latex
611 1119 721 1171 parvus,
734 1098 784 1156 llos
794 1121 914 1156 nummus
925 1123 1060 1174 amarum.

349 1187 426 1243 salve
435 1229 442 1257 ,
452 1209 498 1244 rex
508 1231 515 1258 ,
528 1192 603 1246 abeat
615 1211 667 1261 quo
681 1211 744 1246 crux
757 1192 807 1246 erit
818 1191 924 1247 invidus
934 1193 985 1248 ille.

155 1329 298 1402 Causam
309 1347 421 1404 autem
437 1331 565 1431 profert
578 1331 780 1406 Nicodemus
795 1330 1003 1406 Frischlinus
1018 1333 1053 1405 in
1067 1335 1135 1407 vita
1152 1335 1229 1411 Cal·

154 1439 284 1518 lltmchl
303 1473 408 1539 graece
425 1446 610 1549 conscripta
629 1477 637 1521 τ
654 1457 708 1530 Εἰς
727 1454 759 1520 ὃν
776 1455 824 1520 καὶ
838 1456 948 1545 ποίημα
963 1455 1158 1531 ἐπιτετήδευκε
1180 1457 1230 1524 διὰ

154 1570 186 1632 τό
203 1569 426 1658 opooaomrutda
440 1570 545 1635 ἐκεῖνον
562 1571 631 1636 εἶναι
649 1579 706 1637 ros
718 1571 913 1660 Καὶλιμάχου
928 1569 1065 1657 deditior,
1080 1573 1129 1640 καὶ
1141 1573 1229 1640 ἀλλο·

153 1688 235 1776 τρέων
252 1691 361 1752 πόνων·
375 1683 504 1775 dao'poos
515 1680 544 1752 δ’
556 1688 643 1754 αὐτὸν
652 1674 992 1782 κρυπτικῶςῙθιν,ὡςκαέ
1004 1687 1137 1758 Νάσωνὸ
1150 1719 1229 1770 roos

153 1797 199 1877 τῦς
213 1809 290 1871 οὕτω
306 1829 368 1880 πως
383 1809 531 1898 μαρτυριῖ.
548 1833 565 1863 «
581 1801 621 1872 ln
633 1799 723 1873 hunc
734 1797 971 1888 Callimachus,
984 1802 1075 1902 quod
1086 1831 1165 1877 suos
1173 1802 1231 1877 ille

157 1947 175 1978 a
195 1912 302 1988 libros
319 1911 384 1989 sihi
402 1931 589 2010 arrogaret,
609 1931 640 1987 et
657 1914 784 1989 alienos
799 1915 930 1990 labores
946 1945 1010 2017 pro
1028 1917 1097 1991 suis
1112 1918 1229 1991 vendi-

156 2065 173 2094 a
195 2047 295 2118 taret,
314 2029 510 2104 maledicum
523 2058 654 2103 carmen
671 2030 795 2119 edidit,
816 2032 992 2134 ipsumque
1008 2031 1229 2134 Apollonium

159 2179 176 2210 a
195 2173 379 2248 suppresso
392 2145 527 2220 nomine
542 2144 620 2219 lbin
634 2147 837 2236 nominavit,
852 2148 1129 2248 quemadmodum
1145 2149 1230 2223 Ovi-

156 2297 173 2326 »
192 2261 268 2336 dius
286 2279 437 2337 testatur·
459 2297 477 2327 a
503 2263 581 2336 Haec
598 2260 676 2351 ille,
695 2263 786 2364 quod
816 2263 906 2366 apud
929 2261 1030 2337 alium
1051 2282 1139 2337 notae
1161 2293 1229 2336 me-

152 2375 245 2452 lioris
261 2396 431 2452 auctorem
453 2406 523 2451 non
545 2378 679 2452 memini
702 2407 754 2451 me
779 2376 907 2473 legere,
936 2378 1002 2452 nisi
1031 2378 1121 2478 quod
1138 2379 1227 2451 hunc

152 2522 303 2583 versum,
326 2493 384 2595 qui
402 2493 493 2596 apud
511 2494 662 2568 eumdem
679 2493 896 2595 Apollonium
910 2512 1033 2582 exstat,
1050 2497 1226 2594 Argoooot.

153 2607 210 2685 lih.
226 2612 263 2697 l,
281 2638 360 2710 pag.
381 2608 431 2701 64
445 2610 602 2683 editionis
619 2610 836 2709 Stephaneae,

297 2788 349 2846 Καὶ
361 2789 395 2847 τὰ
405 2788 454 2865 pia
470 2788 504 2854 ὣς
515 2788 612 2865 ἥμιὶλα
628 2788 694 2862 μετὰ
706 2788 800 2865 χρόνον
817 2786 996 2857 ἐκτελέεσθαι,

154 2942 349 3019 Callimachi
366 2966 497 3017 versum
514 2968 585 3015 esse
605 2938 647 3014 ah
676 2937 860 3041 Apollonio
887 2956 1106 3039 usurpatum,
1132 2954 1228 3012 vetus

154 3056 258 3159 ipsius
283 3051 458 3156 Apollonii
482 3052 676 3127 scholiastes
709 3054 836 3127 asserit
876 3054 1095 3126 Nicodemum
1119 3069 1228 3125 autem

154 3173 376 3251 Prischlinum
406 3200 520 3272 quum,
540 3171 576 3247 in
602 3168 828 3244 testimouium
844 3168 988 3257 adduxi,
1013 3169 1146 3243 miseret
1171 3198 1227 3243 me

156 3404 259 3481 libero
277 3402 459 3479 effutiissct
474 3403 509 3474 in
526 3401 614 3474 viros
630 3399 878 3485 nobilissimos,
901 3399 1088 3493 Mogontia
1104 3397 1140 3472 in
1156 3426 1227 3473 car·

156 3550 256 3597 omem
280 3520 451 3619 conjectus
477 3535 584 3605 esset,
615 3516 759 3617 indeque
774 3514 938 3590 deductus
961 3516 1049 3587 soret
1063 3516 1100 3587 in
1116 3516 1231 3589 Wur·

158 3633 350 3730 temhcrgici
369 3630 433 3708 soli
455 3660 562 3707 arcem
587 3630 918 3705 Hohenaumceuscm
940 3658 948 3699 :
967 3656 1036 3729 quo
1059 3630 1232 3730 captivita-

157 3766 219 3823 tem
228 3750 408 3843 ellirgeret,
422 3774 552 3848 panum
566 3744 718 3830 discidit,
734 3761 789 3829 ut,
804 3742 858 3815 his
868 3739 1052 3835 colligatis,
1063 3770 1099 3815 se
1111 3743 1229 3817 demit·

157 3881 257 3953 term
274 3864 333 3938 sed
343 3862 537 3961 hujusmodi
554 3862 644 3933 lunis
661 3858 797 3961 perfidia
810 3858 847 3931 in
859 3857 941 3931 alias
957 3859 1102 3957 aliasque
1119 3874 1230 3957 petras

159 4008 301 4081 praceps
311 3981 422 4066 datus,
435 3978 612 4051 confractis
621 3977 779 4051 memhris
787 3976 975 4076 exspiravit.
988 3978 1149 4047 Ceterum
1160 3970 1232 4047 Cal·

161 4098 319 4174 limachus
336 4096 557 4197 Apollonium
575 4094 682 4167 lbidis
697 4093 852 4180 nomine,
871 4120 944 4191 quae
960 4108 1012 4164 est
1027 4093 1094 4164 avis
1108 4092 1232 4188 AEgyp

159 4216 216 4313 tia,
235 4232 355 4291 notum
373 4241 445 4309 esse
462 4210 589 4297 voluit,
608 4238 677 4283 uon
693 4226 832 4309 propter
849 4207 920 4305 ejus
935 4205 1152 4306 spurcitiam,
1175 4202 1231 4275 cui
