3017 5000
139 505 1221 542 mmmmm

496 663 675 727 JOANNIS
698 665 868 730 MASSON

305 861 1070 1016 DISSERTATIO

199 1127 262 1200 DE
288 1127 503 1226 ANTIQUO
529 1130 679 1205 VEIDII
704 1133 956 1211 POLLIONIS
980 1137 1163 1213 NUMMO

441 1343 552 1400 QUEM
573 1347 658 1392 vtnl
680 1347 939 1394 cucusenam

277 1504 467 1559 PERPERAM
484 1507 615 1560 OVIDIO
633 1510 769 1563 Nasonl
786 1513 1090 1570 ADSCRIPSERANT.

539 1709 830 1741 -ψ-

191 1967 214 2025 l.
230 1964 305 2038 Quae
317 1961 371 2022 bac
383 1963 418 2023 de
430 1985 462 2022 re
473 1962 543 2024 olirn
554 1964 586 2023 in
601 1976 697 2042 poetae
710 1964 788 2026 vita·
800 2008 810 2039 ,
825 1987 876 2046 per
888 1978 1070 2027 transennam
1081 1978 1111 2028 et
1123 1970 1226 2045 partim

147 2092 183 2132 ex
197 2069 370 2154 conjecturis
386 2069 706 2145 ratiocinationibusve,
722 2072 856 2132 adversus
868 2071 946 2133 viros
961 2073 1098 2134 maximos
1107 2086 1227 2134 notave-

147 2198 208 2235 ram
221 2176 287 2248 ,bic
297 2197 426 2238 seorsum
434 2176 505 2238 mibi
516 2178 693 2238 retractanda
702 2177 856 2253 videntur,
870 2191 989 2240 utnunc
999 2180 1115 2240 tandem
1124 2180 1227 2241 veritas

148 2283 264 2344 intuto
289 2305 454 2366 summaque
474 2284 538 2347 luce
561 2285 744 2359 collocetur,
774 2297 926 2368 postquam
954 2285 1026 2346 illud
1051 2286 1227 2368 antiquitatis

147 2401 369 2450 monumentum
389 2412 467 2450 ame
488 2403 693 2468 conspectum,
716 2415 748 2452 ac
771 2393 807 2452 ad
827 2393 984 2453 accuratius
1006 2414 1122 2453 examen
1139 2415 1227 2454 revo-

150 2510 244 2559 catum
256 2497 320 2559 luit.

193 2608 234 2667 ll.
243 2606 378 2679 Scilicet,
395 2628 432 2666 nc
445 2605 540 2688 longis
552 2618 615 2666 utar
627 2604 810 2689 ambagibus,
822 2619 912 2688 quum
922 2608 1027 2671 Romae
1037 2630 1090 2685 per
1101 2621 1229 2669 aestatem

150 2714 211 2774 An.
237 2734 313 2797 ¹7⁰9
332 2712 483 2796 degerem,
502 2712 625 2772 maximo
637 2710 719 2785 zelo,
743 2734 796 2773 nec
816 2713 923 2775 minori
946 2736 1012 2775 cura
1031 2714 1229 2798 perquirebant

151 2840 188 2880 an
210 2819 393 2893 adhucdum,
424 2832 454 2879 ct
473 2819 588 2879 ubinam
609 2830 715 2881 extaret
735 2818 784 2881 ille
804 2819 964 2892 Nummus,
993 2843 1078 2902 quem
1099 2832 1145 2882 tot
1164 2836 1229 2883 ante

151 2926 233 2987 annis
261 2925 367 2986 ibidem
391 2926 466 3004 apud
496 2925 537 2985 ill.
561 2938 718 2987 matronam
744 2926 884 2987 Felica'um
911 2926 1125 3000 Rondunim'oe,
1146 2928 1231 2989 vide-

153 3012 234 3109 rant,
247 3034 387 3116 indeque,
397 3056 449 3094 ceu
458 3033 557 3096 Ovidii
569 3036 694 3095 Nasonis
704 3056 813 3095 nomen
823 3056 855 3094 ac
867 3046 951 3112 caput
959 3058 1019 3112 prae
1030 3058 1060 3096 se
1070 3034 1227 3108 serentem,

154 3142 338 3224 vulgaverant
354 3140 409 3202 riri
431 3162 515 3217 supra
537 3139 633 3200 laudes
665 3140 751 3217 positi
773 3138 869 3198 Nicol.
892 3140 1047 3211 Heinsius,
1073 3152 1103 3198 et
1126 3140 1232 3200 Ezecb.

154 3250 355 3330 Spanbemz'us.
382 3250 456 3310 Rem
479 3247 520 3307 sic
541 3246 723 3330 investiganti
749 3245 891 3308 succurrit
914 3245 961 3306 Cl.
987 3246 1025 3304 V.
1057 3246 1231 3305 Froncz'scus

155 3356 356 3427 Bluucltinus,
381 3367 441 3414 tum
459 3354 625 3415 camerarius
644 3353 789 3415 Clementi
806 3354 879 3413 Xll.
895 3355 927 3414 P.
943 3354 1146 3426 llonorarins,
1165 3374 1232 3413 nar-

154 3484 221 3524 rans
236 3463 311 3523 idem
323 3461 477 3525 Cimelium
487 3472 557 3521 tunc
570 3460 707 3538 temporis
722 3457 857 3521 asservari
868 3459 899 3518 in
908 3460 1020 3520 Musaeo
1032 3458 1132 3519 Emin.
1143 3457 1230 3541 Card.

157 3568 324 3643 Ottoboni,
338 3568 386 3628 cui
400 3590 415 3627 a
428 3568 544 3629 secretis
559 3566 643 3646 paulo
657 3577 723 3626 ante
733 3564 835 3625 luerat
845 3567 916 3625 lllox
928 3567 988 3647 ejus
999 3563 1191 3636 humanitate,
1203 3575 1232 3623 et

155 3677 282 3754 ipsomet
290 3678 463 3749 comitante,
480 3674 636 3735 Nummum
647 3684 787 3745 tractans,
801 3672 896 3731 statim
906 3670 986 3730 facilc
996 3670 1146 3747 perspexi,
1159 3669 1231 3729 nibil

155 3782 302 3843 dubitante
328 3782 416 3842 docto
441 3782 542 3843 codem
564 3782 654 3856 viro,
681 3779 763 3839 illum
789 3800 886 3838 revera
911 3776 1063 3839 nebulonis
1086 3777 1231 3859 cujusdam

155 3888 253 3950 fraude
269 3887 473 3961 adulteratum,
491 3898 580 3964 prout
600 3889 655 3970 jam
677 3897 741 3947 ante
766 3882 944 3969 augurabar,
968 3883 1075 3957 luisse,
1101 3897 1130 3944 et
1155 3894 1232 3942 tanta

156 3993 271 4076 quidem
285 3992 445 4071 imperitia,
461 4004 494 4052 ut
507 3991 587 4070 plura
602 4004 788 4053 cernerentur
803 3991 914 4053 artificii
925 3990 1064 4073 vestigia,
1081 3988 1231 4051 nonnulli-

158 4121 214 4181 que
230 4110 411 4177 superessent
426 4099 603 4180 antiquarum
622 4098 778 4158 litterarum
801 4097 925 4169 ductus,
952 4118 1024 4175 quos
1045 4096 1155 4155 Bur-ino
1165 4140 1175 4168 ‚
1202 4107 1234 4155 ut

194 4288 202 4313 ¹
220 4281 281 4333 vid.
294 4300 388 4349 supra,
402 4299 458 4351 pag.
475 4280 528 4333 155.
