<?xml version="1.0" encoding="UTF-8"?>
<!DOCTYPE html PUBLIC "-//W3C//DTD XHTML 1.0 Transitional//EN"
    "http://www.w3.org/TR/xhtml1/DTD/xhtml1-transitional.dtd">
<html xmlns="http://www.w3.org/1999/xhtml" xml:lang="en" lang="en">
 <head>
  <title>
</title>
<meta http-equiv="Content-Type" content="text/html;charset=utf-8" />
  <meta name='ocr-system' content='tesseract 3.04.00' />
  <meta name='ocr-capabilities' content='ocr_page ocr_carea ocr_par ocr_line ocrx_word'/>
</head>
<body>
  <div class='ocr_page' id='page_1' title='image "./publiiovidiinas01unkngoog_0385.png"; bbox 0 0 3017 5000; ppageno 0'>
   <div class='ocr_carea' id='block_1_1' title="bbox 326 501 1408 1180">
    <p class='ocr_par' dir='ltr' id='par_1_1' title="bbox 329 501 1152 601">
     <span class='ocr_line' id='line_1_1' title="bbox 329 501 1152 601; baseline -0.007 -27"><span class='ocrx_word' id='word_1_1' title='bbox 329 502 400 601; x_wconf 75' lang='grc'><strong>374</strong></span> <span class='ocrx_word' id='word_1_2' title='bbox 590 501 1152 571; x_wconf 70' lang='lat' dir='ltr'><strong>NOT1T1Au1ruunaln</strong></span> 
     </span>
    </p>

    <p class='ocr_par' dir='ltr' id='par_1_2' title="bbox 326 645 1408 1180">
     <span class='ocr_line' id='line_1_2' title="bbox 326 645 1405 742; baseline 0.001 -28"><span class='ocrx_word' id='word_1_3' title='bbox 326 673 425 742; x_wconf 80' lang='lat' dir='ltr'><strong>grum</strong></span> <span class='ocrx_word' id='word_1_4' title='bbox 439 645 979 728; x_wconf 75' lang='lat' dir='ltr'><strong>illustravitlirasrnus‚·llasile&#39;ae,</strong></span> <span class='ocrx_word' id='word_1_5' title='bbox 1005 645 1165 730; x_wconf 54' lang='lat' dir='ltr'><strong>1524‚*et</strong></span> <span class='ocrx_word' id='word_1_6' title='bbox 1176 645 1267 740; x_wconf 84' lang='lat' dir='ltr'><strong>apud</strong></span> <span class='ocrx_word' id='word_1_7' title='bbox 1278 647 1405 740; x_wconf 78' lang='lat' dir='ltr'><strong>Gryph.</strong></span> 
     </span>
     <span class='ocr_line' id='line_1_3' title="bbox 333 755 1408 850; baseline -0.001 -25"><span class='ocrx_word' id='word_1_8' title='bbox 333 756 434 842; x_wconf 74' lang='lat'><strong>1546,</strong></span> <span class='ocrx_word' id='word_1_9' title='bbox 450 758 562 838; x_wconf 80' lang='lat' dir='ltr'><strong>in-8⁰.,</strong></span> <span class='ocrx_word' id='word_1_10' title='bbox 577 767 612 822; x_wconf 84' lang='lat' dir='ltr'><strong>et</strong></span> <span class='ocrx_word' id='word_1_11' title='bbox 624 757 726 823; x_wconf 52' lang='lat' dir='ltr'><strong>Tomi</strong></span> <span class='ocrx_word' id='word_1_12' title='bbox 741 756 865 850; x_wconf 77' lang='lat' dir='ltr'><strong>lupp.</strong></span> <span class='ocrx_word' id='word_1_13' title='bbox 879 758 922 823; x_wconf 85' lang='lat' dir='ltr'><strong>ln</strong></span> <span class='ocrx_word' id='word_1_14' title='bbox 935 757 1062 825; x_wconf 80' lang='lat' dir='ltr'><strong>Nucem</strong></span> <span class='ocrx_word' id='word_1_15' title='bbox 1073 755 1408 827; x_wconf 61' lang='lat' dir='ltr'><strong>oredimus-mi</strong></span> 
     </span>
     <span class='ocr_line' id='line_1_4' title="bbox 327 865 1407 961; baseline -0.002 -27"><span class='ocrx_word' id='word_1_16' title='bbox 327 868 480 961; x_wconf 74' lang='lat' dir='ltr'><strong>przefatio</strong></span> <span class='ocrx_word' id='word_1_17' title='bbox 496 865 620 958; x_wconf 85' lang='lat' dir='ltr'><strong>legitur</strong></span> <span class='ocrx_word' id='word_1_18' title='bbox 636 868 726 932; x_wconf 88' lang='lat' dir='ltr'><strong>inter</strong></span> <span class='ocrx_word' id='word_1_19' title='bbox 742 869 815 952; x_wconf 85' lang='lat' dir='ltr'><strong>ejus</strong></span> <span class='ocrx_word' id='word_1_20' title='bbox 831 867 939 959; x_wconf 84' lang='lat' dir='ltr'><strong>Epist.</strong></span> <span class='ocrx_word' id='word_1_21' title='bbox 956 869 1096 949; x_wconf 82' lang='lat' dir='ltr'>XXIX,</span> <span class='ocrx_word' id='word_1_22' title='bbox 1115 866 1179 943; x_wconf 75' lang='lat'><strong>26,</strong></span> <span class='ocrx_word' id='word_1_23' title='bbox 1204 868 1263 960; x_wconf 85' lang='lat' dir='ltr'><strong>qui</strong></span> <span class='ocrx_word' id='word_1_24' title='bbox 1278 889 1407 960; x_wconf 81' lang='lat' dir='ltr'><strong>poema-</strong></span> 
     </span>
     <span class='ocr_line' id='line_1_5' title="bbox 327 974 1408 1058; baseline -0.005 -11"><span class='ocrx_word' id='word_1_25' title='bbox 327 983 402 1047; x_wconf 91' lang='lat' dir='ltr'><strong>tion</strong></span> <span class='ocrx_word' id='word_1_26' title='bbox 423 976 510 1046; x_wconf 90' lang='lat' dir='ltr'><strong>illud</strong></span> <span class='ocrx_word' id='word_1_27' title='bbox 528 979 649 1045; x_wconf 81' lang='lat' dir='ltr'><strong>loanni</strong></span> <span class='ocrx_word' id='word_1_28' title='bbox 674 977 794 1058; x_wconf 82' lang='lat' dir='ltr'><strong>Maro,</strong></span> <span class='ocrx_word' id='word_1_29' title='bbox 818 977 961 1043; x_wconf 81' lang='lat' dir='ltr'><strong>Thomae</strong></span> <span class='ocrx_word' id='word_1_30' title='bbox 975 975 1067 1058; x_wconf 83' lang='lat' dir='ltr'><strong>filio,</strong></span> <span class='ocrx_word' id='word_1_31' title='bbox 1086 974 1222 1046; x_wconf 78' lang='lat' dir='ltr'><strong>dicavit.</strong></span> <span class='ocrx_word' id='word_1_32' title='bbox 1243 975 1408 1044; x_wconf 78' lang='lat' dir='ltr'><strong>Observa·</strong></span> 
     </span>
     <span class='ocr_line' id='line_1_6' title="bbox 328 1083 1406 1180; baseline -0.004 -24"><span class='ocrx_word' id='word_1_33' title='bbox 328 1091 438 1156; x_wconf 89' lang='lat' dir='ltr'><strong>tiones</strong></span> <span class='ocrx_word' id='word_1_34' title='bbox 454 1086 605 1156; x_wconf 68' lang='lat' dir='ltr'><strong>Hercula</strong></span> <span class='ocrx_word' id='word_1_35' title='bbox 620 1087 756 1177; x_wconf 87' lang='lat' dir='ltr'><strong>Ciofani</strong></span> <span class='ocrx_word' id='word_1_36' title='bbox 768 1085 970 1180; x_wconf 87' lang='lat' dir='ltr'><strong>prodierunt</strong></span> <span class='ocrx_word' id='word_1_37' title='bbox 983 1085 1163 1163; x_wconf 85' lang='lat' dir='ltr'><strong>Sulmone,</strong></span> <span class='ocrx_word' id='word_1_38' title='bbox 1187 1085 1292 1178; x_wconf 75' lang='lat'><strong>1593,</strong></span> <span class='ocrx_word' id='word_1_39' title='bbox 1311 1083 1406 1170; x_wconf 66' lang='lat' dir='ltr'><strong>irs-4⁸.</strong></span> 
     </span>
    </p>
   </div>
   <div class='ocr_carea' id='block_1_2' title="bbox 719 1297 970 1346">
    <p class='ocr_par' dir='ltr' id='par_1_3' title="bbox 719 1297 970 1346">
     <span class='ocr_line' id='line_1_7' title="bbox 719 1297 970 1346; baseline 0 0"><span class='ocrx_word' id='word_1_40' title='bbox 719 1297 970 1346; x_wconf 65' lang='lat' dir='ltr'><strong>barsumas.</strong></span> 
     </span>
    </p>
   </div>
   <div class='ocr_carea' id='block_1_3' title="bbox 377 1438 1408 1564">
    <p class='ocr_par' dir='ltr' id='par_1_4' title="bbox 377 1438 1408 1564">
     <span class='ocr_line' id='line_1_8' title="bbox 377 1438 1408 1564; baseline -0.008 -22"><span class='ocrx_word' id='word_1_41' title='bbox 377 1444 569 1564; x_wconf 76' lang='lat' dir='ltr'><strong>Deperdito</strong></span> <span class='ocrx_word' id='word_1_42' title='bbox 581 1470 697 1538; x_wconf 82' lang='lat' dir='ltr'><strong>Ovidii</strong></span> <span class='ocrx_word' id='word_1_43' title='bbox 710 1473 835 1564; x_wconf 88' lang='lat' dir='ltr'><strong>scripta</strong></span> <span class='ocrx_word' id='word_1_44' title='bbox 847 1469 1028 1563; x_wconf 81' lang='lat' dir='ltr'><strong>diligenter</strong></span> <span class='ocrx_word' id='word_1_45' title='bbox 1043 1438 1217 1538; x_wconf 80' lang='lat' dir='ltr'><strong>enumerat</strong></span> <span class='ocrx_word' id='word_1_46' title='bbox 1225 1466 1408 1562; x_wconf 78' lang='lat' dir='ltr'><strong>Gyraldus:</strong></span> 
     </span>
    </p>
   </div>
   <div class='ocr_carea' id='block_1_4' title="bbox 266 1578 1411 1891">
    <p class='ocr_par' dir='ltr' id='par_1_5' title="bbox 266 1578 1411 1891">
     <span class='ocr_line' id='line_1_9' title="bbox 334 1578 1408 1675; baseline -0.006 -25"><span class='ocrx_word' id='word_1_47' title='bbox 334 1585 371 1650; x_wconf 93' lang='lat' dir='ltr'><strong>in</strong></span> <span class='ocrx_word' id='word_1_48' title='bbox 387 1580 441 1647; x_wconf 89' lang='lat' dir='ltr'><strong>his</strong></span> <span class='ocrx_word' id='word_1_49' title='bbox 461 1604 518 1647; x_wconf 84' lang='lat' dir='ltr'><strong>ser</strong></span> <span class='ocrx_word' id='word_1_50' title='bbox 531 1580 636 1648; x_wconf 91' lang='lat' dir='ltr'><strong>libros</strong></span> <span class='ocrx_word' id='word_1_51' title='bbox 651 1593 837 1675; x_wconf 83' lang='lat' dir='ltr'><strong>postremos</strong></span> <span class='ocrx_word' id='word_1_52' title='bbox 860 1582 1056 1662; x_wconf 86' lang='lat' dir='ltr'><strong>Fastorum,</strong></span> <span class='ocrx_word' id='word_1_53' title='bbox 1083 1578 1126 1646; x_wconf 91' lang='lat' dir='ltr'><strong>de</strong></span> <span class='ocrx_word' id='word_1_54' title='bbox 1151 1579 1274 1672; x_wconf 87' lang='lat' dir='ltr'><strong>quihus</strong></span> <span class='ocrx_word' id='word_1_55' title='bbox 1297 1601 1408 1669; x_wconf 88' lang='lat' dir='ltr'><strong>supra,</strong></span> 
     </span>
     <span class='ocr_line' id='line_1_10' title="bbox 266 1685 1411 1784; baseline -0.006 -25"><span class='ocrx_word' id='word_1_56' title='bbox 266 1769 271 1776; x_wconf 31' lang='lat'>¹</span> <span class='ocrx_word' id='word_1_57' title='bbox 334 1705 370 1759; x_wconf 91' lang='lat' dir='ltr'><strong>et</strong></span> <span class='ocrx_word' id='word_1_58' title='bbox 388 1691 549 1760; x_wconf 78' lang='lat' dir='ltr'><strong><em>Medeam</em></strong></span> <span class='ocrx_word' id='word_1_59' title='bbox 569 1691 792 1784; x_wconf 72' lang='lat' dir='ltr'><strong><em>Tragoediam</em></strong></span> <span class='ocrx_word' id='word_1_60' title='bbox 808 1691 1020 1778; x_wconf 80' lang='lat' dir='ltr'><strong>Quintiliano</strong></span> <span class='ocrx_word' id='word_1_61' title='bbox 1035 1693 1089 1774; x_wconf 89' lang='lat' dir='ltr'><strong>X,</strong></span> <span class='ocrx_word' id='word_1_62' title='bbox 1114 1714 1148 1772; x_wconf 87' lang='grc' dir='ltr'><strong>ι,</strong></span> <span class='ocrx_word' id='word_1_63' title='bbox 1167 1703 1202 1758; x_wconf 84' lang='lat' dir='ltr'><strong>et</strong></span> <span class='ocrx_word' id='word_1_64' title='bbox 1222 1689 1356 1781; x_wconf 81' lang='lat' dir='ltr'><strong>dialogo</strong></span> <span class='ocrx_word' id='word_1_65' title='bbox 1374 1685 1411 1753; x_wconf 83' lang='lat' dir='ltr'><strong>de</strong></span> 
     </span>
     <span class='ocr_line' id='line_1_11' title="bbox 334 1791 1409 1891; baseline -0.007 -24"><span class='ocrx_word' id='word_1_66' title='bbox 334 1799 547 1884; x_wconf 77' lang='lat' dir='ltr'><strong>Oratoribus,</strong></span> <span class='ocrx_word' id='word_1_67' title='bbox 559 1822 632 1891; x_wconf 81' lang='lat' dir='ltr'><strong>cap.</strong></span> <span class='ocrx_word' id='word_1_68' title='bbox 649 1822 686 1864; x_wconf 84' lang='lat' dir='ltr'><strong>ra</strong></span> <span class='ocrx_word' id='word_1_69' title='bbox 693 1848 704 1881; x_wconf 93' lang='lat'><strong>,</strong></span> <span class='ocrx_word' id='word_1_70' title='bbox 717 1791 899 1864; x_wconf 62' lang='lat' dir='ltr'><strong>laudatam}</strong></span> <span class='ocrx_word' id='word_1_71' title='bbox 912 1793 1058 1866; x_wconf 83' lang='lat' dir='ltr'><strong>Ovidius</strong></span> <span class='ocrx_word' id='word_1_72' title='bbox 1069 1800 1141 1890; x_wconf 85' lang='lat' dir='ltr'><strong>ipse</strong></span> <span class='ocrx_word' id='word_1_73' title='bbox 1149 1797 1258 1863; x_wconf 89' lang='lat' dir='ltr'><strong>Trist.</strong></span> <span class='ocrx_word' id='word_1_74' title='bbox 1270 1795 1326 1880; x_wconf 92' lang='lat'><strong>11,</strong></span> <span class='ocrx_word' id='word_1_75' title='bbox 1338 1793 1409 1861; x_wconf 81' lang='lat'><strong>553.</strong></span> 
     </span>
    </p>
   </div>
   <div class='ocr_carea' id='block_1_5' title="bbox 503 1971 1202 2138">
    <p class='ocr_par' dir='ltr' id='par_1_6' title="bbox 503 1971 1202 2138">
     <span class='ocr_line' id='line_1_12' title="bbox 503 1971 1202 2046; baseline -0.001 -16"><span class='ocrx_word' id='word_1_76' title='bbox 503 1974 540 2030; x_wconf 79' lang='lat' dir='ltr'><strong>Et</strong></span> <span class='ocrx_word' id='word_1_77' title='bbox 554 1973 678 2046; x_wconf 73' lang='lat' dir='ltr'><strong>dedimus</strong></span> <span class='ocrx_word' id='word_1_78' title='bbox 690 1972 794 2046; x_wconf 72' lang='lat' dir='ltr'><strong>tragicis</strong></span> <span class='ocrx_word' id='word_1_79' title='bbox 805 1973 933 2045; x_wconf 76' lang='lat' dir='ltr'><strong>scriptum</strong></span> <span class='ocrx_word' id='word_1_80' title='bbox 944 1973 1033 2044; x_wconf 76' lang='lat' dir='ltr'><strong>regale</strong></span> <span class='ocrx_word' id='word_1_81' title='bbox 1044 1971 1182 2043; x_wconf 70' lang='lat' dir='ltr'><strong>cothurnis</strong></span> <span class='ocrx_word' id='word_1_82' title='bbox 1193 1994 1202 2036; x_wconf 76' lang='lat'>3</span> 
     </span>
     <span class='ocr_line' id='line_1_13' title="bbox 535 2063 1195 2138; baseline -0.003 -18"><span class='ocrx_word' id='word_1_83' title='bbox 535 2065 660 2136; x_wconf 74' lang='lat' dir='ltr'><strong>Quaque</strong></span> <span class='ocrx_word' id='word_1_84' title='bbox 670 2065 756 2138; x_wconf 80' lang='lat' dir='ltr'><strong>gravis</strong></span> <span class='ocrx_word' id='word_1_85' title='bbox 768 2065 849 2122; x_wconf 81' lang='lat' dir='ltr'><strong>debet</strong></span> <span class='ocrx_word' id='word_1_86' title='bbox 859 2065 940 2120; x_wconf 78' lang='lat' dir='ltr'><strong>verba</strong></span> <span class='ocrx_word' id='word_1_87' title='bbox 949 2064 1097 2135; x_wconf 79' lang='lat' dir='ltr'><strong>cothus-uus</strong></span> <span class='ocrx_word' id='word_1_88' title='bbox 1107 2063 1195 2122; x_wconf 80' lang='lat' dir='ltr'><strong>habet</strong></span> 
     </span>
    </p>
   </div>
   <div class='ocr_carea' id='block_1_6' title="bbox 334 2229 1278 2322">
    <p class='ocr_par' dir='ltr' id='par_1_7' title="bbox 334 2229 1278 2322">
     <span class='ocr_line' id='line_1_14' title="bbox 334 2229 1278 2322; baseline -0.001 -19"><span class='ocrx_word' id='word_1_89' title='bbox 334 2233 481 2303; x_wconf 83' lang='lat' dir='ltr'><strong>Versum</strong></span> <span class='ocrx_word' id='word_1_90' title='bbox 494 2233 586 2302; x_wconf 90' lang='lat' dir='ltr'><strong>hunc</strong></span> <span class='ocrx_word' id='word_1_91' title='bbox 601 2259 640 2302; x_wconf 83' lang='lat' dir='ltr'><strong>ex</strong></span> <span class='ocrx_word' id='word_1_92' title='bbox 656 2235 720 2303; x_wconf 91' lang='lat' dir='ltr'><strong>illa&#39;</strong></span> <span class='ocrx_word' id='word_1_93' title='bbox 731 2234 828 2304; x_wconf 82' lang='lat' dir='ltr'><strong>affert</strong></span> <span class='ocrx_word' id='word_1_94' title='bbox 844 2229 1085 2322; x_wconf 76' lang='lat' dir='ltr'><strong>Quintilianus,</strong></span> <span class='ocrx_word' id='word_1_95' title='bbox 1105 2235 1211 2316; x_wconf 87' lang='lat' dir='ltr'><strong>Vlll,</strong></span> <span class='ocrx_word' id='word_1_96' title='bbox 1230 2233 1252 2299; x_wconf 85' lang='grc'><strong><em>5</em></strong></span> <span class='ocrx_word' id='word_1_97' title='bbox 1269 2259 1278 2302; x_wconf 86' lang='lat'>:</span> 
     </span>
    </p>
   </div>
   <div class='ocr_carea' id='block_1_7' title="bbox 505 2408 1116 2482">
    <p class='ocr_par' dir='ltr' id='par_1_8' title="bbox 505 2408 1116 2482">
     <span class='ocr_line' id='line_1_15' title="bbox 505 2408 1116 2482; baseline -0.007 -16"><span class='ocrx_word' id='word_1_98' title='bbox 505 2408 619 2468; x_wconf 76' lang='lat' dir='ltr'><strong>Servare</strong></span> <span class='ocrx_word' id='word_1_99' title='bbox 631 2409 723 2482; x_wconf 80' lang='lat' dir='ltr'><strong>pomi,</strong></span> <span class='ocrx_word' id='word_1_100' title='bbox 736 2409 848 2481; x_wconf 75' lang='lat' dir='ltr'><strong>perdere</strong></span> <span class='ocrx_word' id='word_1_101' title='bbox 858 2429 894 2464; x_wconf 85' lang='lat' dir='ltr'><strong>aa</strong></span> <span class='ocrx_word' id='word_1_102' title='bbox 907 2409 1007 2481; x_wconf 79' lang='lat' dir='ltr'><strong>possim</strong></span> <span class='ocrx_word' id='word_1_103' title='bbox 1020 2409 1116 2481; x_wconf 72' lang='lat' dir='ltr'><strong>rogas?</strong></span> 
     </span>
    </p>
   </div>
   <div class='ocr_carea' id='block_1_8' title="bbox 337 2578 1410 2781">
    <p class='ocr_par' dir='ltr' id='par_1_9' title="bbox 337 2578 1410 2781">
     <span class='ocr_line' id='line_1_16' title="bbox 338 2578 1410 2675; baseline -0.005 -27"><span class='ocrx_word' id='word_1_104' title='bbox 338 2580 431 2675; x_wconf 81' lang='lat' dir='ltr'><strong>quod</strong></span> <span class='ocrx_word' id='word_1_105' title='bbox 447 2584 569 2653; x_wconf 82' lang='lat' dir='ltr'><strong>Petrus</strong></span> <span class='ocrx_word' id='word_1_106' title='bbox 590 2586 799 2649; x_wconf 74' lang='lat' dir='ltr'><strong>Burmannus</strong></span> <span class='ocrx_word' id='word_1_107' title='bbox 814 2579 972 2649; x_wconf 86' lang='lat' dir='ltr'><strong>observat</strong></span> <span class='ocrx_word' id='word_1_108' title='bbox 992 2604 1182 2674; x_wconf 80' lang='lat' dir='ltr'><strong>expressum</strong></span> <span class='ocrx_word' id='word_1_109' title='bbox 1200 2605 1241 2648; x_wconf 86' lang='lat' dir='ltr'><strong>ex</strong></span> <span class='ocrx_word' id='word_1_110' title='bbox 1257 2580 1323 2647; x_wconf 89' lang='lat' dir='ltr'><strong>hoc</strong></span> <span class='ocrx_word' id='word_1_111' title='bbox 1338 2578 1410 2645; x_wconf 86' lang='lat' dir='ltr'><strong>Vir-</strong></span> 
     </span>
     <span class='ocr_line' id='line_1_17' title="bbox 337 2689 786 2781; baseline -0.004 -25"><span class='ocrx_word' id='word_1_112' title='bbox 337 2689 412 2781; x_wconf 85' lang='lat' dir='ltr'><strong>gilii</strong></span> <span class='ocrx_word' id='word_1_113' title='bbox 427 2692 464 2757; x_wconf 89' lang='lat' dir='ltr'><strong>in</strong></span> <span class='ocrx_word' id='word_1_114' title='bbox 479 2692 570 2773; x_wconf 82' lang='lat' dir='ltr'><strong>ciri,</strong></span> <span class='ocrx_word' id='word_1_115' title='bbox 588 2714 674 2757; x_wconf 88' lang='lat' dir='ltr'><strong>vers.</strong></span> <span class='ocrx_word' id='word_1_116' title='bbox 694 2690 759 2781; x_wconf 82' lang='lat'><strong>²75</strong></span> <span class='ocrx_word' id='word_1_117' title='bbox 776 2716 786 2755; x_wconf 73' lang='grc' dir='ltr'><strong><em>ε</em></strong></span> 
     </span>
    </p>
   </div>
   <div class='ocr_carea' id='block_1_9' title="bbox 503 2861 1146 2934">
    <p class='ocr_par' dir='ltr' id='par_1_10' title="bbox 503 2861 1146 2934">
     <span class='ocr_line' id='line_1_18' title="bbox 503 2861 1146 2934; baseline 0.002 -15"><span class='ocrx_word' id='word_1_118' title='bbox 503 2863 545 2919; x_wconf 85' lang='lat' dir='ltr'><strong>Ut</strong></span> <span class='ocrx_word' id='word_1_119' title='bbox 557 2881 620 2929; x_wconf 89' lang='lat' dir='ltr'><strong>me,</strong></span> <span class='ocrx_word' id='word_1_120' title='bbox 634 2861 773 2919; x_wconf 80' lang='lat' dir='ltr'><strong>siserrare</strong></span> <span class='ocrx_word' id='word_1_121' title='bbox 784 2872 876 2932; x_wconf 70' lang='lat' dir='ltr'><strong>potu,</strong></span> <span class='ocrx_word' id='word_1_122' title='bbox 887 2882 924 2919; x_wconf 82' lang='lat' dir='ltr'><strong>ne</strong></span> <span class='ocrx_word' id='word_1_123' title='bbox 939 2863 1051 2934; x_wconf 78' lang='lat' dir='ltr'><strong>perdere</strong></span> <span class='ocrx_word' id='word_1_124' title='bbox 1061 2863 1146 2925; x_wconf 67' lang='lat' dir='ltr'><strong>melu.</strong></span> 
     </span>
    </p>
   </div>
   <div class='ocr_carea' id='block_1_10' title="bbox 340 3024 1409 4314">
    <p class='ocr_par' dir='ltr' id='par_1_11' title="bbox 340 3024 1409 4314">
     <span class='ocr_line' id='line_1_19' title="bbox 386 3024 1409 3099; baseline -0.001 -4"><span class='ocrx_word' id='word_1_125' title='bbox 386 3026 512 3095; x_wconf 88' lang='lat' dir='ltr'><strong>Seneca</strong></span> <span class='ocrx_word' id='word_1_126' title='bbox 519 3030 619 3094; x_wconf 86' lang='lat' dir='ltr'><strong>Pater</strong></span> <span class='ocrx_word' id='word_1_127' title='bbox 628 3024 782 3096; x_wconf 85' lang='lat' dir='ltr'><strong>Suasoris</strong></span> <span class='ocrx_word' id='word_1_128' title='bbox 793 3030 911 3097; x_wconf 85' lang='lat' dir='ltr'><strong>tertia:</strong></span> <span class='ocrx_word' id='word_1_129' title='bbox 928 3030 1151 3097; x_wconf 75' lang='lat' dir='ltr'><strong>«Hocautem</strong></span> <span class='ocrx_word' id='word_1_130' title='bbox 1162 3029 1296 3099; x_wconf 85' lang='lat' dir='ltr'><strong>dicebat</strong></span> <span class='ocrx_word' id='word_1_131' title='bbox 1308 3026 1409 3099; x_wconf 86' lang='lat' dir='ltr'><strong>Gallio</strong></span> 
     </span>
     <span class='ocr_line' id='line_1_20' title="bbox 340 3132 1409 3234; baseline 0 -30"><span class='ocrx_word' id='word_1_132' title='bbox 340 3136 463 3204; x_wconf 85' lang='lat' dir='ltr'><strong>Nasoni</strong></span> <span class='ocrx_word' id='word_1_133' title='bbox 480 3157 538 3200; x_wconf 89' lang='lat' dir='ltr'><strong>suo</strong></span> <span class='ocrx_word' id='word_1_134' title='bbox 554 3132 651 3202; x_wconf 79' lang='lat' dir='ltr'><strong>valde</strong></span> <span class='ocrx_word' id='word_1_135' title='bbox 669 3134 834 3227; x_wconf 74' lang='lat' dir='ltr'><strong>placuisse</strong></span> <span class='ocrx_word' id='word_1_136' title='bbox 853 3165 861 3205; x_wconf 93' lang='lat'>:</span> <span class='ocrx_word' id='word_1_137' title='bbox 882 3140 997 3232; x_wconf 87' lang='lat' dir='ltr'><strong>itaque</strong></span> <span class='ocrx_word' id='word_1_138' title='bbox 1013 3140 1128 3207; x_wconf 81' lang='lat' dir='ltr'><strong>iecisse</strong></span> <span class='ocrx_word' id='word_1_139' title='bbox 1146 3138 1239 3234; x_wconf 90' lang='lat' dir='ltr'><strong>quod</strong></span> <span class='ocrx_word' id='word_1_140' title='bbox 1256 3142 1293 3206; x_wconf 89' lang='lat' dir='ltr'><strong>in</strong></span> <span class='ocrx_word' id='word_1_141' title='bbox 1305 3137 1409 3205; x_wconf 81' lang='lat' dir='ltr'><strong>multis</strong></span> 
     </span>
     <span class='ocr_line' id='line_1_21' title="bbox 342 3241 1409 3341; baseline 0.002 -30"><span class='ocrx_word' id='word_1_142' title='bbox 342 3242 415 3311; x_wconf 90' lang='lat' dir='ltr'><strong>aliis</strong></span> <span class='ocrx_word' id='word_1_143' title='bbox 431 3243 584 3311; x_wconf 84' lang='lat' dir='ltr'><strong>versibus</strong></span> <span class='ocrx_word' id='word_1_144' title='bbox 599 3241 736 3337; x_wconf 84' lang='lat' dir='ltr'><strong>Virgilii</strong></span> <span class='ocrx_word' id='word_1_145' title='bbox 757 3243 901 3331; x_wconf 81' lang='lat' dir='ltr'><strong>fecerat,</strong></span> <span class='ocrx_word' id='word_1_146' title='bbox 919 3270 988 3314; x_wconf 90' lang='lat' dir='ltr'><strong>non</strong></span> <span class='ocrx_word' id='word_1_147' title='bbox 1007 3247 1212 3341; x_wconf 85' lang='lat' dir='ltr'><strong>surripiendi</strong></span> <span class='ocrx_word' id='word_1_148' title='bbox 1228 3274 1341 3329; x_wconf 83' lang='lat' dir='ltr'><strong>causa,</strong></span> <span class='ocrx_word' id='word_1_149' title='bbox 1357 3244 1409 3313; x_wconf 83' lang='lat' dir='ltr'><strong>sed</strong></span> 
     </span>
     <span class='ocr_line' id='line_1_22' title="bbox 341 3351 1409 3451; baseline 0.002 -31"><span class='ocrx_word' id='word_1_150' title='bbox 341 3353 452 3447; x_wconf 85' lang='lat' dir='ltr'><strong>palam</strong></span> <span class='ocrx_word' id='word_1_151' title='bbox 468 3351 639 3437; x_wconf 88' lang='lat' dir='ltr'><strong>imitandi,</strong></span> <span class='ocrx_word' id='word_1_152' title='bbox 655 3354 862 3438; x_wconf 75' lang='lat' dir='ltr'><strong>hananiam,</strong></span> <span class='ocrx_word' id='word_1_153' title='bbox 883 3368 922 3422; x_wconf 86' lang='lat' dir='ltr'><strong>ut</strong></span> <span class='ocrx_word' id='word_1_154' title='bbox 938 3354 1042 3425; x_wconf 84' lang='lat' dir='ltr'><strong>vellet</strong></span> <span class='ocrx_word' id='word_1_155' title='bbox 1052 3360 1195 3451; x_wconf 84' lang='lat' dir='ltr'><strong>agnosci.</strong></span> <span class='ocrx_word' id='word_1_156' title='bbox 1213 3359 1293 3427; x_wconf 87' lang='lat' dir='ltr'><strong>Esse</strong></span> <span class='ocrx_word' id='word_1_157' title='bbox 1308 3371 1409 3427; x_wconf 84' lang='lat' dir='ltr'><strong>autem</strong></span> 
     </span>
     <span class='ocr_line' id='line_1_23' title="bbox 346 3464 1408 3559; baseline -0.004 -26"><span class='ocrx_word' id='word_1_158' title='bbox 346 3470 381 3533; x_wconf 93' lang='lat' dir='ltr'><strong>in</strong></span> <span class='ocrx_word' id='word_1_159' title='bbox 392 3464 552 3557; x_wconf 81' lang='lat' dir='ltr'><strong>tragoedia</strong></span> <span class='ocrx_word' id='word_1_160' title='bbox 565 3468 634 3549; x_wconf 79' lang='lat' dir='ltr'><strong>ejus</strong></span> <span class='ocrx_word' id='word_1_161' title='bbox 651 3492 658 3532; x_wconf 93' lang='lat'><strong>:</strong></span> <span class='ocrx_word' id='word_1_162' title='bbox 664 3467 770 3554; x_wconf 70' lang='lat' dir='ltr'><strong>ferm</strong></span> <span class='ocrx_word' id='word_1_163' title='bbox 782 3466 844 3531; x_wconf 80' lang='lat' dir='ltr'><strong>huc</strong></span> <span class='ocrx_word' id='word_1_164' title='bbox 859 3464 934 3531; x_wconf 69' lang='lat' dir='ltr'><strong>alluo</strong></span> <span class='ocrx_word' id='word_1_165' title='bbox 945 3484 983 3533; x_wconf 84' lang='lat' dir='ltr'><strong>ut</strong></span> <span class='ocrx_word' id='word_1_166' title='bbox 993 3466 1095 3559; x_wconf 79' lang='lat' dir='ltr'><strong>plena</strong></span> <span class='ocrx_word' id='word_1_167' title='bbox 1109 3470 1199 3537; x_wconf 81' lang='lat' dir='ltr'><strong>Deo.</strong></span> <span class='ocrx_word' id='word_1_168' title='bbox 1217 3498 1236 3533; x_wconf 78' lang='lat' dir='ltr'><strong>n</strong></span> <span class='ocrx_word' id='word_1_169' title='bbox 1255 3468 1408 3556; x_wconf 85' lang='lat' dir='ltr'><strong>Quoniam</strong></span> 
     </span>
     <span class='ocr_line' id='line_1_24' title="bbox 344 3565 1409 3667; baseline 0.003 -30"><span class='ocrx_word' id='word_1_170' title='bbox 344 3570 469 3638; x_wconf 86' lang='lat' dir='ltr'><strong>diserte</strong></span> <span class='ocrx_word' id='word_1_171' title='bbox 493 3572 637 3654; x_wconf 84' lang='lat' dir='ltr'><strong>Seneca,</strong></span> <span class='ocrx_word' id='word_1_172' title='bbox 666 3574 857 3663; x_wconf 85' lang='lat' dir='ltr'><strong>iterumque</strong></span> <span class='ocrx_word' id='word_1_173' title='bbox 875 3570 1035 3648; x_wconf 85' lang='lat' dir='ltr'><strong>affirmat,</strong></span> <span class='ocrx_word' id='word_1_174' title='bbox 1057 3565 1172 3667; x_wconf 61' lang='lat' dir='ltr'><strong>plina.</strong></span> <span class='ocrx_word' id='word_1_175' title='bbox 1195 3578 1272 3643; x_wconf 83' lang='lat' dir='ltr'><strong>Deo</strong></span> <span class='ocrx_word' id='word_1_176' title='bbox 1292 3574 1409 3641; x_wconf 87' lang='lat' dir='ltr'><strong>dictum</strong></span> 
     </span>
     <span class='ocr_line' id='line_1_25' title="bbox 345 3678 1405 3773; baseline 0.002 -26"><span class='ocrx_word' id='word_1_177' title='bbox 345 3705 414 3747; x_wconf 88' lang='lat' dir='ltr'><strong>esse</strong></span> <span class='ocrx_word' id='word_1_178' title='bbox 431 3682 618 3747; x_wconf 81' lang='lat' dir='ltr'><strong>imitatione</strong></span> <span class='ocrx_word' id='word_1_179' title='bbox 633 3678 787 3773; x_wconf 88' lang='lat' dir='ltr'><strong>Virgilii,</strong></span> <span class='ocrx_word' id='word_1_180' title='bbox 806 3704 875 3747; x_wconf 91' lang='lat' dir='ltr'><strong>non</strong></span> <span class='ocrx_word' id='word_1_181' title='bbox 888 3684 1034 3747; x_wconf 80' lang='lat' dir='ltr'><strong>occsurit</strong></span> <span class='ocrx_word' id='word_1_182' title='bbox 1046 3681 1129 3749; x_wconf 86' lang='lat' dir='ltr'><strong>alius</strong></span> <span class='ocrx_word' id='word_1_183' title='bbox 1141 3684 1293 3752; x_wconf 82' lang='lat' dir='ltr'><strong>Maronis</strong></span> <span class='ocrx_word' id='word_1_184' title='bbox 1308 3684 1405 3762; x_wconf 86' lang='lat' dir='ltr'><strong>locus,</strong></span> 
     </span>
     <span class='ocr_line' id='line_1_26' title="bbox 346 3788 1408 3884; baseline 0.005 -30"><span class='ocrx_word' id='word_1_185' title='bbox 346 3792 405 3883; x_wconf 85' lang='lat' dir='ltr'><strong>qui</strong></span> <span class='ocrx_word' id='word_1_186' title='bbox 421 3789 489 3855; x_wconf 89' lang='lat' dir='ltr'><strong>huc</strong></span> <span class='ocrx_word' id='word_1_187' title='bbox 513 3788 627 3870; x_wconf 81' lang='lat' dir='ltr'><strong>iaciat,</strong></span> <span class='ocrx_word' id='word_1_188' title='bbox 654 3814 754 3881; x_wconf 85' lang='lat' dir='ltr'><strong>quam</strong></span> <span class='ocrx_word' id='word_1_189' title='bbox 773 3791 875 3857; x_wconf 85' lang='lat' dir='ltr'><strong>tritus</strong></span> <span class='ocrx_word' id='word_1_190' title='bbox 899 3789 956 3857; x_wconf 92' lang='lat' dir='ltr'><strong>ille</strong></span> <span class='ocrx_word' id='word_1_191' title='bbox 979 3792 1015 3857; x_wconf 94' lang='lat' dir='ltr'><strong>in</strong></span> <span class='ocrx_word' id='word_1_192' title='bbox 1034 3791 1183 3884; x_wconf 84' lang='lat' dir='ltr'><strong>Eclogis,</strong></span> <span class='ocrx_word' id='word_1_193' title='bbox 1202 3792 1295 3861; x_wconf 79' lang='lat' dir='ltr'><strong>lovis</strong></span> <span class='ocrx_word' id='word_1_194' title='bbox 1309 3792 1408 3859; x_wconf 75' lang='lat' dir='ltr'><strong>onmia</strong></span> 
     </span>
     <span class='ocr_line' id='line_1_27' title="bbox 341 3897 1408 3992; baseline -0.005 -26"><span class='ocrx_word' id='word_1_195' title='bbox 341 3898 459 3992; x_wconf 77' lang='lat' dir='ltr'><strong>plena,</strong></span> <span class='ocrx_word' id='word_1_196' title='bbox 481 3920 627 3988; x_wconf 88' lang='lat' dir='ltr'><strong>quorum</strong></span> <span class='ocrx_word' id='word_1_197' title='bbox 646 3897 829 3963; x_wconf 90' lang='lat' dir='ltr'><strong>verborum</strong></span> <span class='ocrx_word' id='word_1_198' title='bbox 847 3919 914 3963; x_wconf 86' lang='lat' dir='ltr'><strong>non</strong></span> <span class='ocrx_word' id='word_1_199' title='bbox 936 3898 1000 3965; x_wconf 89' lang='lat' dir='ltr'><strong>alia</strong></span> <span class='ocrx_word' id='word_1_200' title='bbox 1022 3925 1096 3968; x_wconf 89' lang='lat' dir='ltr'><strong>mea</strong></span> <span class='ocrx_word' id='word_1_201' title='bbox 1113 3902 1298 3982; x_wconf 85' lang='lat' dir='ltr'><strong>sententia,</strong></span> <span class='ocrx_word' id='word_1_202' title='bbox 1321 3918 1408 3990; x_wconf 86' lang='lat' dir='ltr'><strong>quam</strong></span> 
     </span>
     <span class='ocr_line' id='line_1_28' title="bbox 343 4004 1407 4097; baseline -0.007 -21"><span class='ocrx_word' id='word_1_203' title='bbox 343 4009 434 4094; x_wconf 77' lang='lat' dir='ltr'><strong>hacc,</strong></span> <span class='ocrx_word' id='word_1_204' title='bbox 453 4019 541 4073; x_wconf 87' lang='lat' dir='ltr'><strong>totus</strong></span> <span class='ocrx_word' id='word_1_205' title='bbox 558 4008 633 4075; x_wconf 86' lang='lat' dir='ltr'><strong>Deo</strong></span> <span class='ocrx_word' id='word_1_206' title='bbox 645 4004 764 4097; x_wconf 89' lang='lat' dir='ltr'><strong>plenus</strong></span> <span class='ocrx_word' id='word_1_207' title='bbox 775 4028 866 4087; x_wconf 84' lang='lat' dir='ltr'><strong>sum,</strong></span> <span class='ocrx_word' id='word_1_208' title='bbox 881 4005 932 4072; x_wconf 90' lang='lat' dir='ltr'><strong>illi</strong></span> <span class='ocrx_word' id='word_1_209' title='bbox 947 4031 1020 4074; x_wconf 88' lang='lat' dir='ltr'><strong>mea</strong></span> <span class='ocrx_word' id='word_1_210' title='bbox 1033 4010 1180 4076; x_wconf 81' lang='lat' dir='ltr'><strong>carmina</strong></span> <span class='ocrx_word' id='word_1_211' title='bbox 1195 4030 1294 4074; x_wconf 77' lang='lat' dir='ltr'><strong>curas.</strong></span> <span class='ocrx_word' id='word_1_212' title='bbox 1308 4004 1407 4075; x_wconf 73' lang='lat' dir='ltr'><strong>Extis</strong></span> 
     </span>
     <span class='ocr_line' id='line_1_29' title="bbox 345 4112 1405 4210; baseline -0.006 -26"><span class='ocrx_word' id='word_1_213' title='bbox 345 4118 424 4210; x_wconf 87' lang='lat' dir='ltr'><strong>ipsis</strong></span> <span class='ocrx_word' id='word_1_214' title='bbox 441 4138 542 4207; x_wconf 84' lang='lat' dir='ltr'><strong>porro</strong></span> <span class='ocrx_word' id='word_1_215' title='bbox 559 4114 658 4182; x_wconf 86' lang='lat' dir='ltr'><strong>Fabii</strong></span> <span class='ocrx_word' id='word_1_216' title='bbox 682 4127 717 4181; x_wconf 87' lang='lat' dir='ltr'><strong>et</strong></span> <span class='ocrx_word' id='word_1_217' title='bbox 732 4114 866 4183; x_wconf 82' lang='lat' dir='ltr'><strong>Seuecae</strong></span> <span class='ocrx_word' id='word_1_218' title='bbox 886 4112 968 4182; x_wconf 82' lang='lat' dir='ltr'><strong>locis</strong></span> <span class='ocrx_word' id='word_1_219' title='bbox 984 4126 1095 4207; x_wconf 84' lang='lat' dir='ltr'><strong>patet,</strong></span> <span class='ocrx_word' id='word_1_220' title='bbox 1117 4114 1216 4181; x_wconf 86' lang='lat' dir='ltr'><strong>aliam</strong></span> <span class='ocrx_word' id='word_1_221' title='bbox 1236 4113 1332 4206; x_wconf 83' lang='lat' dir='ltr'><strong>longe</strong></span> <span class='ocrx_word' id='word_1_222' title='bbox 1347 4133 1405 4178; x_wconf 78' lang='lat' dir='ltr'><strong>esse</strong></span> 
     </span>
     <span class='ocr_line' id='line_1_30' title="bbox 346 4220 1405 4314; baseline -0.003 -23"><span class='ocrx_word' id='word_1_223' title='bbox 346 4223 505 4291; x_wconf 82' lang='lat' dir='ltr'><strong>Medeam</strong></span> <span class='ocrx_word' id='word_1_224' title='bbox 525 4222 652 4299; x_wconf 82' lang='lat' dir='ltr'><strong>Osidii,</strong></span> <span class='ocrx_word' id='word_1_225' title='bbox 675 4220 717 4289; x_wconf 86' lang='lat' dir='ltr'><strong>de</strong></span> <span class='ocrx_word' id='word_1_226' title='bbox 742 4244 809 4314; x_wconf 87' lang='lat' dir='ltr'><strong>qua</strong></span> <span class='ocrx_word' id='word_1_227' title='bbox 829 4223 1077 4310; x_wconf 84' lang='lat' dir='ltr'><strong>Tertullianus,</strong></span> <span class='ocrx_word' id='word_1_228' title='bbox 1095 4224 1243 4292; x_wconf 84' lang='lat' dir='ltr'><strong>carmine</strong></span> <span class='ocrx_word' id='word_1_229' title='bbox 1264 4226 1405 4313; x_wconf 77' lang='lat' dir='ltr'><strong>scriptam</strong></span> 
     </span>
    </p>
   </div>
   <div class='ocr_carea' id='block_1_11' title="bbox 0 0 1518 5000">
    <p class='ocr_par' dir='ltr' id='par_1_12' title="bbox 0 0 1518 5000">
     <span class='ocr_line' id='line_1_31' title="bbox 0 0 1518 5000; baseline 0 0"><span class='ocrx_word' id='word_1_230' title='bbox 0 0 1518 5000; x_wconf 95' lang='lat' dir='ltr'><strong> </strong></span> 
     </span>
    </p>
   </div>
  </div>
 </body>
</html>
