3017 5000
440 484 537 551 PER
562 485 594 551 J.
621 482 852 553 MASSON.
1128 488 1188 552 125

123 624 383 726 qnietJunom'n
408 644 638 713 sacrament,
664 625 743 700 hinc
772 624 956 700 Frontinus
984 624 1024 700 de
1051 625 1191 702 coloniis

120 739 242 812 Tuscia
257 768 264 809 :
286 736 437 822 Colonen,
454 738 583 838 inquit,
597 738 739 813 Junom'o
754 767 825 841 qua
834 740 1015 841 adpeldotur
1027 742 1190 816 Faliscos:

123 852 228 928 mirnri
244 854 300 926 hic
318 850 436 940 liceat,
461 870 589 927 tantum
608 855 714 929 virum
739 854 859 928 Erech.
884 854 1103 954 Spartanum
1127 887 1193 959 po-

34 1071 35 1079 ¹
121 968 216 1043 tuisse
226 966 372 1041 Faliscos
384 968 485 1041 hosce
497 969 640 1043 Etmriae
652 968 799 1070 populos
808 998 884 1043 cum
894 970 1019 1073 Fnlepi's
1029 972 1066 1045 in
1076 1001 1193 1068 magna

124 1083 241 1156 Graecia
259 1082 333 1159 sitis
350 1081 574 1169 confundere,
589 1083 668 1157 dum
684 1101 734 1158 tot
748 1084 929 1184 scriptores
940 1104 1115 1175 memorat,
1134 1088 1193 1189 qui

121 1197 249 1272 meliora
263 1196 474 1287 docuissent,
488 1200 517 1273 si
530 1199 571 1273 ad
586 1227 700 1273 eorum
714 1198 816 1273 verba
829 1198 976 1273 animum
988 1199 1190 1276 advertisset.

120 1316 193 1390 tit.
217 1314 279 1391 lib.
306 1315 346 1389 de
371 1317 484 1391 Praest.
514 1317 680 1391 Numism.
699 1334 781 1391 tom.
803 1319 838 1405 l,
855 1344 930 1415 pag.
956 1344 1142 1420 107-109,
1159 1340 1193 1394 et

120 1434 273 1509 Hordur'n.
293 1434 333 1507 de
352 1435 452 1507 Num.
473 1436 583 1537 Popp.
602 1435 638 1507 in
655 1434 753 1508 verb,
765 1460 934 1522 ruentum
963 1437 1024 1509 ubi
1041 1438 1193 1514 eumdem

121 1552 268 1653 seqnitur
283 1577 444 1635 errorem,
462 1567 524 1623 etc.

165 1673 223 1742 Vl.
253 1668 426 1742 Addamus
446 1685 477 1740 et
494 1667 561 1740 hoc
579 1664 655 1740 loco
674 1696 747 1767 quae
765 1668 805 1741 de
821 1668 909 1741 tertiis
927 1670 1067 1770 conjuge
1080 1670 1195 1771 prodit

34 1872 35 1879 ἵ
121 1788 259 1871 Noster,
278 1812 383 1884 quum
397 1811 510 1857 verum
521 1809 585 1855 nos
601 1782 708 1876 fugiat
721 1798 872 1883 tempus,
891 1811 958 1884 quo
969 1813 1039 1859 eam
1050 1785 1191 1860 duxerit.

121 1902 216 1973 Trist.
238 1898 299 1972 lib.
318 1901 378 1986 lV,
395 1896 490 1994 Eleg.
510 1918 553 1983 x,
574 1924 656 1970 vers.
678 1893 722 1997 73
739 1915 773 1971 et
792 1898 856 1995 74,
875 1897 942 1970 ait:

289 2054 387 2105 Ultima
400 2070 458 2123 qnae
472 2072 576 2108 mecum
589 2071 661 2107 seros
674 2051 817 2121 permansit
830 2051 858 2104 in
870 2070 971 2117 annos,

318 2142 451 2197 Sustinuit
464 2144 559 2211 conjux
572 2141 664 2196 emulis
676 2160 731 2195 esse
744 2141 801 2194 viri.

123 2286 201 2381 Qnae
222 2310 265 2357 an
286 2280 387 2354 suerit
404 2278 504 2352 Fabii
523 2278 666 2351 Martini
681 2277 746 2377 (de
764 2305 832 2377 quo
849 2273 945 2376 plura
960 2278 1000 2350 ad
1016 2308 1069 2351 an.
1088 2282 1130 2353 U.
1152 2284 1190 2355 C.

119 2418 292 2475 ucetxvn
306 2402 342 2493 )‚
356 2426 414 2472 seu
429 2396 543 2497 potius
557 2395 708 2493 conjugis
721 2394 855 2467 Marciae
868 2392 992 2483 affinis,
1006 2396 1095 2469 haud
1107 2418 1194 2475 recte

122 2516 257 2618 Lipsius
275 2525 284 2554 ¹
307 2513 390 2588 mihi
402 2511 533 2586 videtur
546 2511 669 2585 dubius
684 2510 826 2597 herem
840 2509 1004 2610 siquidem
1017 2510 1100 2586 clare
1114 2516 1194 2591 satis

125 2631 273 2718 Ovidius,
297 2659 367 2704 eam
382 2629 424 2704 ad
441 2628 550 2729 ipsum
566 2627 703 2700 Fabium
720 2625 941 2726 pertinuisse,
959 2627 1074 2716 docet,
1095 2633 1192 2704 Pont.

123 2745 177 2820 lib.
198 2749 233 2834 Ι,
254 2747 323 2844 Ep.
345 2762 394 2832 11,
408 2743 488 2816 hnic
505 2740 683 2840 inscripta,
701 2768 786 2814 vers.
812 2737 901 2811 138:

291 2905 338 2960 ttte
350 2925 417 2976 ego,
431 2903 464 2956 de
477 2903 615 2957 nostratui
627 2900 688 2954 data
701 2911 785 2969 nupta
794 2903 875 2954 domo.

124 3045 246 3116 Cetera
268 3066 347 3112 vero
370 3065 446 3110 mox
466 3035 642 3135 subjuncta
660 3031 810 3106 indicant
826 3031 944 3121 modo,
963 3031 1108 3107 eamdem
1127 3037 1195 3110 Na-

125 3162 212 3234 sonis
230 3185 369 3232 urorcm
389 3153 530 3229 amicitia
553 3151 690 3225 Murcia
714 3149 816 3224 fuisse
836 3151 1061 3250 conjunctam,
1081 3181 1195 3252 quem-

124 3275 300 3349 admodum
319 3290 352 3345 et
369 3288 444 3344 ante
462 3269 570 3343 suerat
586 3283 769 3340 matertera
787 3266 925 3339 Caesaris
940 3268 1085 3362 Augusti
1102 3300 1110 3342 :

286 3430 365 3484 Hanc
376 3426 484 3498 probat,
501 3435 528 3478 et
540 3424 627 3495 primo
640 3427 758 3478 dilectam
769 3443 875 3493 semper
887 3424 918 3477 ab
931 3443 991 3479 sevo
1011 3451 1013 3455 ·

321 3517 369 3571 Est
382 3517 452 3570 inter
464 3519 567 3570 comites
579 3515 680 3567 Marcia
692 3533 769 3568 censa
782 3534 858 3578 διευς

288 3611 373 3678 inque
385 3608 438 3662 suis
451 3606 541 3660 habuit
554 3613 685 3659 matertera
700 3608 809 3658 Ceratis
821 3615 900 3659 ante:

322 3699 445 3768 Quarum
460 3697 558 3766 judicio
571 3697 592 3750 si
605 3715 657 3766 qua
669 3696 794 3766 probata,
806 3697 889 3766 proba
899 3707 956 3765 est,
970 3708 1018 3752 etc.

125 3837 184 3909 ttis
196 3834 283 3909 adde
302 3861 341 3906 ex
359 3833 488 3917 Ponto,
506 3829 566 3903 tib.
586 3828 655 3916 ΙΙΙ,
673 3829 781 3930 Epist.
801 3850 832 3919 t,
850 3859 932 3904 vers.
954 3831 1083 3932 75·78;
1103 3836 1191 3910 fast.
1289 3898 1292 3908 .

124 3951 179 4026 tib.
200 3955 251 4026 Vl
267 3949 332 4026 sub
346 3949 403 4024 fin.
422 3948 476 4021 Ad
490 3947 637 4022 Mamm
653 3973 789 4046 quoqne
800 3947 1042 4024 necessitudine
1053 3952 1194 4051 quadam

126 4068 271 4142 eamdem
286 4064 479 4152 attinuisse,
498 4061 604 4164 liquet
618 4091 659 4136 ex
676 4063 777 4137 Pont.
796 4060 854 4137 lib.
873 4063 928 4152 ll,
944 4069 1008 4166 Ep.
1026 4088 1071 4155 x,
1089 4097 1136 4142 vs.
1152 4068 1195 4142 8:

155 4245 165 4274 ¹
182 4241 216 4295 ln
230 4239 316 4296 Tacit.
327 4235 426 4294 Annei.
438 4235 480 4292 tit.
491 4235 518 4303 1,
529 4253 584 4305 cap.
598 4255 620 4288 n.
