3017 5000
493 433 846 504 uueouuure.
1165 459 1204 530 μ

138 577 227 654 mori
240 576 366 666 vir-um,
383 552 420 652 et
430 574 503 650 viro
513 605 654 652 uxorem
667 575 807 673 diligere
820 575 993 651 concedas.
1007 577 1149 652 Necesse
1158 596 1212 653 est

136 701 271 792 deinde,
290 703 403 802 jmare
416 702 611 802 permittas,
631 701 786 776 ciamare
801 701 1001 804 permiseris.
1030 701 1135 800 Quod
1149 701 1212 778 ba-

134 827 242 901 buisse
256 853 318 901 nos
328 824 562 926 jusjurandum
576 826 705 928 putas?
720 825 872 900 mnobia
883 823 1078 922 religiosum
1088 855 1212 903 nomen
1292 921 1298 930 '

27 1023 28 1032 ,
134 951 232 1027 luisti.
254 951 292 1025 Si
319 951 554 1040 mentiremur,
582 947 639 1042 illa
657 949 724 1028 sibi
740 950 863 1026 iratum
878 968 1008 1052 patrem
1022 951 1210 1041 invocavit,

135 1103 191 1172 ego
202 1101 366 1148 socerum.
380 1074 501 1162 Parce,
511 1091 625 1176 poten
641 1101 758 1178 parce,
769 1101 884 1148 socer:
898 1102 970 1147 uon
982 1074 1211 1174 pejeravimus.

134 1200 216 1273 Ecce
248 1197 451 1298 objurgator
471 1215 603 1289 noster,
628 1227 728 1305 quam
753 1197 923 1273 ellrauato
945 1225 1057 1274 amore
1080 1198 1212 1273 fertur!

134 1349 323 1422 quanquam
339 1348 411 1397 esse
422 1321 524 1400 filiam
534 1321 695 1424 preceris3
713 1350 828 1398 carum
840 1320 992 1424 quidem,
1009 1321 1102 1425 quod
1117 1319 1214 1396 illum

133 1445 171 1518 ab
187 1443 402 1541 indulgentia
419 1473 478 1522 sua
493 1463 617 1522 avocet.
645 1447 692 1521 Dt
707 1446 813 1522 boni!
832 1445 1005 1548 quomodo
1019 1446 1077 1519 hic
1092 1446 1216 1519 amavit

132 1569 291 1643 uxorem?
309 1586 397 1642 amat
412 1567 531 1660 filiam,
550 1588 585 1645 et
601 1569 735 1644 abdicat
751 1599 760 1645 ε
780 1568 874 1644 dolel
885 1567 1105 1674 periclitatam
1120 1596 1212 1658 esse,

132 1709 162 1767 et
175 1689 217 1768 ab
231 1720 274 1768 eo
291 1689 448 1782 abducit,
461 1693 533 1766 sine
547 1719 616 1794 quo
633 1706 735 1788 negat
751 1719 786 1766 se
800 1719 900 1792 posse
912 1692 1044 1768 nuere:
1060 1690 1214 1794 queritur

131 1813 318 1922 pericnlum
332 1816 424 1916 ejus,
443 1843 509 1916 qua
526 1843 621 1916 paene
638 1815 744 1890 caruit
759 1813 833 1905 bic,
853 1816 912 1916 qni
927 1844 1037 1891 amare
1051 1832 1146 1890 mute
1158 1816 1215 1915 ju·

130 1939 194 2014 bet.
208 1937 358 2016 Facilius
368 1937 406 2011 in
416 1965 529 2016 amore
541 1935 642 2014 finem
653 1937 829 2041 impetres,
840 1967 941 2041 quam
954 1939 1093 2015 modum
1109 1969 1117 2014 :
1133 1957 1215 2016 tune

130 2063 190 2140 bos
201 2063 307 2166 ponis
323 2061 501 2151 terminos,
514 2079 554 2136 nt
566 2060 652 2136 nihil
665 2061 806 2153 faciant,
818 2061 885 2138 nisi
897 2062 1117 2153 considerate3
1127 2063 1215 2139 nihil

24 2187 25 2262 ἶ
129 2186 351 2290 promittant,
369 2183 436 2258 nisi
454 2202 493 2258 ut
502 2185 557 2284 jus
572 2185 708 2272 facturi;
725 2186 837 2261 omnia
846 2186 948 2262 rerba
960 2186 1089 2260 ratione
1102 2206 1136 2262 et
1147 2187 1213 2264 fide

128 2310 339 2412 ponderent?
355 2307 458 2383 Senes
472 2307 520 2382 sic
532 2325 654 2382 amant.
670 2309 781 2383 Pauca
793 2308 903 2399 nosti,
920 2326 1030 2410 pater,
1049 2311 1211 2386 crimina:

23 2435 24 2446 ’
128 2453 160 2510 et
175 2435 384 2533 litigavimus
402 2431 608 2537 aliquando,
627 2451 660 2511 et
677 2431 863 2513 decidimus
874 2464 883 2523 ;
896 2452 930 2513 et
941 2412 1220 2538 fortasseJquod,

128 2588 193 2633 nou
211 2576 339 2661 putas,
362 2558 592 2662 pejeravimas.
621 2558 716 2658 Quid
733 2560 776 2633 ad
791 2579 903 2661 patres
919 2560 1090 2663 pertinet,
1118 2562 1211 2663 quod

23 2784 24 2791 ἶ
127 2700 275 2759 amantes
291 2683 427 2783 jurent?
440 2683 470 2761 ai
485 2683 536 2758 vis
549 2683 699 2776 credere,
716 2712 778 2758 nec
790 2684 834 2759 ad
852 2684 944 2759 Deos
961 2685 1116 2788 pertinet.
1132 2687 1211 2759 Non

23 2838 24 2843 ¹
128 2826 175 2883 est
201 2806 300 2913 quod
322 2806 388 2883 tibi
408 2806 556 2911 placeas,
573 2838 675 2897 uxor,
698 2826 857 2910 tanquam
872 2811 981 2911 prima
997 2810 1210 2916 peccaveris:

127 2931 230 3035 periit
244 2930 358 3037 aliqua
373 2960 450 3010 cum
464 2930 553 3023 viro,
570 2931 672 3037 periit
689 2930 801 3035 aliqua
821 2961 884 3037 pro
899 2934 992 3024 viro;
1010 2929 1083 3008 illas
1099 2950 1209 3009 tamen

130 3054 239 3131 omnis
263 3073 344 3133 aetas
366 3055 568 3145 honorabit,
588 3082 686 3131 omne
705 3055 890 3133 celebrabit
915 3056 1095 3155 ingenium.
1122 3059 1205 3147 Fer,

131 3206 238 3269 socer,
252 3178 444 3255 felicitatem
461 3199 553 3256 tuam
568 3210 580 3255 ι
594 3207 753 3278 magnum
769 3180 833 3254 tibi
849 3208 948 3281 quam
960 3210 1063 3283 parvo
1078 3198 1209 3256 constat

132 3303 333 3405 exemplum!
355 3304 392 3378 in
413 3302 579 3406 reliquum
604 3303 834 3402 diligentiores
851 3305 930 3380 sacti
946 3333 1062 3380 sumus
1079 3334 1087 3377 :
1105 3332 1208 3378 erro-
1343 3385 1347 3392 ⁴

132 3456 198 3503 rem
212 3447 369 3505 nostrum
385 3428 602 3505 confitemur:
621 3430 787 3507 exciderat
809 3430 1022 3531 jurantibus,
1048 3456 1119 3505 esse
1137 3446 1208 3505 ter-

134 3552 214 3628 tium
230 3553 292 3655 qui
307 3552 414 3651 magis
430 3572 554 3629 amaret
570 3584 578 3629 :
598 3554 665 3645 sic,
690 3556 757 3642 Di,
781 3554 826 3628 sit
841 3582 981 3656 semper.
1008 3554 1207 3641 Persevera,

134 3705 240 3768 socen
258 3678 370 3780 recipe
384 3676 485 3752 tiliam
501 3707 607 3775 tego,
625 3678 685 3781 qui
700 3679 851 3780 peccavi,
867 3706 966 3781 poeua
983 3677 1106 3774 diguus
1121 3706 1206 3754 snm.

135 3800 261 3899 Quare,
275 3830 381 3877 uxore
390 3821 524 3891 necata,
534 3830 757 3878 socerocausa
769 3803 833 3878 sim
847 3801 1210 3878 orbitatisi'lliscedam

134 3925 308 4014 eciuitate;
325 3924 470 4023 fugiam3
485 3924 662 4001 exsulabo:
674 3943 846 4028 utcunque
857 3942 994 4029 potero,
1009 3924 1210 4000 desiderium

136 4048 247 4125 misera
259 4066 295 4126 et
307 4048 436 4126 crudeli
447 4050 608 4154 patientia
618 4048 791 4155 perieram.
805 4050 974 4140 Moretur,
987 4048 1018 4125 ai
1033 4046 1127 4124 solus
1140 4076 1212 4121 mo·

135 4192 255 4251 t'tlut'us
273 4204 392 4252 essem.
404 4208 424 4245 o
