3017 5000
325 459 370 553 94
653 457 692 523 r.
726 456 912 525 ovrurr
945 456 1082 524 vrrs

291 690 293 698 Ι
324 600 407 686 erit,
434 616 473 671 ut
492 596 561 669 duo
578 592 642 669 hac
661 594 700 669 de
717 623 753 669 re
770 593 915 676 Nasonis
930 593 1040 669 nostri
1056 592 1129 669 loca
1143 592 1265 669 melius
1282 594 1398 672 intelli

326 730 457 811 gantur.
1234 772 1248 793 ,

374 832 492 929 ltaque
509 858 613 929 quum
633 830 676 901 D.
694 830 821 903 Brutus
837 859 856 903 a
872 830 922 901 Μ.
941 827 1092 902 Antonio
1110 829 1252 901 Mutina
1265 856 1327 930 per
1340 846 1402 902 tres

329 946 460 1021 circiter
478 973 608 1019 meuses
626 944 783 1019 obsessus
802 944 933 1044 viriam
945 943 1142 1033 sustineret,
1161 963 1261 1046 atque
1277 947 1402 1019 Hirtius

326 1081 360 1135 et
378 1062 489 1137 Caesar
506 1060 701 1161 aliquandiu
719 1089 796 1134 cum
813 1059 909 1134 firmo
927 1061 1073 1135 exercitu
1093 1090 1129 1134 se
1146 1063 1403 1149 continuissent,

327 1180 382 1255 ille
404 1178 581 1263 Claterna,
600 1176 714 1250 hinad
730 1177 853 1251 Forum
873 1174 1069 1261 Cometen,
1087 1196 1126 1251 ut
1136 1178 1279 1252 Pansam
1292 1182 1404 1254 Rome

329 1297 444 1397 copias
460 1326 501 1371 ex
517 1293 641 1369 dilectu
659 1292 763 1369 Italiae
781 1308 1026 1394 comparantem
1041 1311 1273 1394 exspectarent
1287 1305 1296 1334 ¹
1310 1325 1320 1381 3
1334 1314 1405 1368 tan—

328 1410 404 1484 dem
418 1428 559 1511 uterque
577 1408 767 1507 conjunctis
783 1407 911 1481 viribus
935 1406 977 1482 ad
1001 1408 1046 1479 D.
1072 1408 1217 1481 Brutum
1233 1409 1406 1483 obsidione

329 1522 538 1599 liberandum
563 1523 724 1625 profecti,
743 1520 836 1595 haud
851 1520 954 1615 longe
979 1520 1023 1595 ab
1042 1520 1127 1595 urhe
1145 1522 1281 1597 Mutina
1304 1539 1407 1598 castra

333 1641 449 1741 metati
463 1658 551 1715 sunt.
571 1674 588 1705 «ι
603 1638 784 1725 Antonius,
794 1666 899 1739 quum
912 1636 1116 1711 deditionem
1126 1639 1262 1713 aBruto
1267 1640 1335 1739 jam
1343 1669 1407 1714 nou

334 1792 352 1824 »
373 1757 517 1858 amplius
530 1772 697 1857 speraret,
716 1753 832 1828 relicto
841 1743 1066 1829 in'obsidione
1079 1754 1174 1828 urbis
1189 1758 1226 1829 L.
1241 1758 1406 1839 Antonio,

332 1910 350 1942 n
371 1877 472 1950 sratre
491 1904 572 1963 suo,
590 1873 625 1946 in
644 1874 806 1947 Casarem
824 1891 857 1946 et
868 1873 1018 1947 Hirtium
1031 1873 1203 1973 profectus
1219 1893 1280 1949 est
1295 1876 1408 1973 Quum

333 2028 351 2062 >t
374 2012 480 2068 castra
494 1992 610 2067 castris
625 2008 736 2065 essent
750 1992 927 2093 opposita,
946 2020 1008 2093 per
1020 1990 1154 2092 aliquot
1165 1993 1235 2066 dies
1247 1995 1409 2095 equestria

332 2144 350 2177 »
373 2110 485 2212 praelia
502 2109 605 2197 levia,
624 2128 660 2183 et
685 2108 788 2183 dubia
814 2108 952 2181 victoria
967 2111 1146 2183 commissa
1169 2128 1269 2197 snut,
1290 2144 1309 2175 υ
1330 2128 1409 2185 teste

329 2230 439 2303 Dione
452 2239 476 2302 ².
492 2232 540 2302 Et
552 2229 669 2330 paucis
680 2246 760 2331 poet
772 2227 870 2302 lineis
880 2226 985 2315 addit,
999 2224 1049 2300 Μ.
1062 2226 1260 2316 Antonium,
1274 2262 1292 2295 α
1308 2256 1409 2331 quum

333 2378 351 2411 n
370 2344 640 2445 appropinquare
656 2343 799 2416 Pansam
815 2342 972 2431 sentiret,
995 2341 1145 2417 hostium
1168 2360 1275 2416 eastra
1300 2370 1409 2445 oppu-

333 2493 351 2527 n
372 2488 474 2557 guare
488 2460 591 2535 fuisse
605 2488 798 2556 aggressum
809 2488 848 2548 »3
866 2460 1075 2535 atCusarum
1085 2460 1304 2563 Hirtinmque
1315 2494 1335 2526 o
1347 2487 1410 2534 cas

335 2607 352 2639 n
373 2575 433 2648 tris
449 2603 528 2648 srros
545 2575 766 2663 continuisse,
785 2603 888 2675 eaque
905 2574 1114 2650 custodiisse
1135 2611 1152 2642 n

384 2692 438 2765 nd
460 2691 547 2764 hanc
567 2692 854 2794 oppugnationem
868 2690 1011 2766 {eliciter
1026 2691 1068 2765 ab
1087 2690 1200 2765 Hirtio
1214 2693 1411 2790 Caesareque

333 2807 500 2908 repulsam
516 2807 551 2880 id
569 2807 693 2896 resero,
713 2807 807 2908 quod
834 2806 966 2882 Ouidius
982 2809 1141 2904 Augusto
1158 2807 1357 2909 palpaturns
1370 2806 1411 2879 ad

333 2945 425 3000 xvlll
441 2923 571 2999 kalend.
590 2925 699 2998 Maias
715 2925 823 3012 canit,
841 2926 930 2998 Fast.
947 2923 1007 2998 lib.
1024 2926 1084 3012 IV,
1098 2953 1182 2999 vers.
1198 2923 1387 2998 625-628:

501 3073 573 3126 Luce
583 3083 702 3126 secutum
715 3083 785 3126 tutos
796 3081 856 3141 pete
865 3111 873 3139 ,
883 3070 988 3139 navita,
1000 3083 1110 3142 portus:

532 3163 638 3218 Ventus
650 3163 682 3217 ab
694 3182 787 3218 occasu
797 3161 928 3232 mendice
942 3163 1035 3216 mistus
1046 3162 1105 3216 erit.

499 3255 604 3310 Scilicet
614 3265 644 3308 ut
653 3255 749 3320 fuerin
763 3266 854 3308 tarneu
867 3253 917 3306 hac
927 3256 1086 3308 Mutr'rrerrsr'a
1099 3257 1186 3310 &sar

535 3346 673 3402 Grandine
687 3351 781 3401 militia
791 3344 913 3398 contudit
927 3365 1000 3398 arrna
1009 3366 1065 3399 sna.

382 3485 514 3560 Deinde
526 3485 713 3572 Antonius,
727 3481 934 3585 pergitDio,
950 3514 968 3546 (ι
985 3479 1099 3554 relicta
1110 3482 1160 3558 ibi
1172 3499 1265 3582 parte
1277 3509 1412 3558 sumum

336 3635 356 3670 a
376 3603 566 3702 copiarum,
579 3600 638 3702 qui
651 3617 756 3675 castra
772 3597 901 3696 (Hirtii
919 3597 1140 3699 Caesarisque)
1158 3615 1411 3699 oppugnarent,

338 3752 356 3786 »
375 3736 415 3793 ut
431 3719 548 3820 etipse
562 3717 674 3791 adesse
689 3717 827 3790 omnino
843 3713 1047 3798 crederetur,
1112 3714 1196 3790 clam
1210 3716 1249 3792 de
1262 3715 1412 3790 noctein

368 3901 379 3933 ¹
397 3897 468 3952 Vide
485 3897 570 3956 Ciner.
589 3899 633 3953 lte.
653 3897 709 3952 xtl
719 3937 727 3965 ,
747 3895 830 3968 Epist
845 3899 907 3952 farn.
921 3913 941 3952 r
949 3909 978 3953 et
988 3915 1018 3953 rr
1029 3921 1036 3965 ;
1048 3896 1116 3954 adde
1132 3897 1218 3972 Epist.
1233 3915 1300 3969 xxv,
1317 3921 1350 3956 ex
1363 3921 1414 3972 qua

334 3995 428 4058 petet,
451 3990 566 4040 Pansam
582 3983 734 4038 adhucdum
749 3987 855 4049 Bono,
875 3985 943 4038 etin
955 3987 1061 4050 mutu,
1083 3990 1294 4056 Qarquwrdus,
1315 3987 1415 4042 scilicet

335 4073 424 4140 primo
438 4069 509 4122 Festi
523 4068 582 4134 die,
604 4087 651 4122 seu
670 4069 764 4122 Martii
782 4086 831 4122 xrx
849 4067 930 4122 subse
947 4089 955 4121 ι
974 4070 1068 4123 confer
1078 4069 1125 4125 inl.
1137 4090 1195 4142 pop.
1209 4090 1265 4142 sqq.
1281 4071 1413 4139 Adeoque

333 4153 422 4206 Pansa
434 4151 540 4205 ridetur
551 4151 639 4204 Roma
649 4149 785 4219 proteum
794 4145 907 4206 ineunte
919 4151 1013 4219 Aprttr'.

367 4235 380 4266 ²
396 4233 452 4287 Lib.
466 4231 559 4287 XLVI
570 4271 578 4300 ,
590 4250 648 4302 pag.
663 4231 720 4300 3¹⁷·
