3017 5000
348 498 409 588 178
674 500 714 568 r.
748 497 929 571 ov1n11
964 502 1094 573 vrrs

338 666 399 739 per
417 618 637 740 quiesiverunt
658 648 689 727 ¹,
717 668 785 741 quo
800 642 925 716 Noster
949 642 1058 717 Roma
1082 642 1254 742 profectus
1275 663 1336 720 est.
1359 646 1409 721 llli

339 758 463 833 mensis
485 756 630 835 Octobris
645 758 781 833 initium
797 758 924 860 placuit
938 787 980 834 ex
994 751 1096 835 Tris't
1112 759 1172 835 lib.
1190 759 1336 859 l‚.Eleg.
1354 784 1410 839 tv:

343 908 360 939 o
380 873 497 949 Refert
521 872 630 961 eninr,
654 872 701 947 sit
722 872 909 965 Calvisius,
933 876 1115 951 Arcturum
1137 894 1209 953 tum
1236 878 1409 968 occidisse,

341 1024 359 1057 n
380 989 471 1091 qnod
498 988 690 1066 factumest
715 993 866 1093 vesperi,
886 992 1023 1095 quondo
1047 994 1100 1071 sol
1121 997 1315 1085 occidebat,
1341 1027 1412 1074 cum

340 1139 358 1171 η
380 1104 485 1200 gradu
501 1123 552 1179 ΧΗ
571 1105 781 1206 Scorpionis,
801 1124 872 1183 tum
888 1110 1049 1211 temporis
1067 1111 1155 1188 circo
1171 1113 1258 1189 diem
1275 1134 1330 1189 vll
1347 1116 1412 1190 Oe·

338 1255 357 1289 o
379 1222 499 1297 tobris.
521 1222 628 1297 Addit
649 1240 806 1326 pretereo
823 1254 930 1326 quum
946 1227 1084 1303 Lucifer
1107 1230 1268 1319 oriretur,
1286 1233 1411 1306 Lunum

339 1371 358 1403 o
378 1336 479 1415 fuisse
506 1336 573 1413 sere
600 1336 634 1411 in
660 1337 770 1439 medio
796 1339 875 1415 celo
901 1370 909 1414 ε
934 1370 1004 1443 quo
1019 1342 1130 1417 innuit
1148 1342 1331 1421 discessum
1346 1347 1412 1445 ejus

338 1452 533 1533 »incidisse
556 1473 637 1556 post
659 1454 791 1557 aliquot
819 1457 905 1545 dies,
925 1488 1028 1559 quum
1053 1462 1150 1536 Luna
1169 1459 1266 1563 plena
1286 1461 1411 1537 inisset

337 1605 356 1638 »
376 1570 479 1647 Plena
505 1589 615 1647 autem
639 1572 703 1647 fuit
726 1574 791 1648 hoc
807 1603 896 1649 enno
916 1574 982 1673 (C.
1004 1580 1158 1668 v111,U.
1179 1578 1217 1650 C.
1236 1580 1410 1671 occul),

337 1723 355 1756 o
377 1690 430 1764 die
448 1709 476 1763 11
491 1688 667 1763 Octobris.
685 1723 702 1753 u

384 1806 473 1878 Loca
491 1824 620 1892 tamen,
639 1831 712 1904 qum
735 1802 775 1876 cl.
804 1804 855 1877 vir
879 1806 925 1878 ob
944 1804 1061 1880 oculos
1076 1806 1242 1894 habebat,
1259 1834 1332 1879 rem
1348 1833 1413 1878 non

332 1920 499 1995 evincunt.
517 1920 615 1995 Prior
631 1918 766 2021 quidem
783 1947 866 1993 vers.
891 1946 904 1993 r
926 1938 961 1995 et
978 1945 1000 1993 2
1014 1949 1023 1994 ε

494 2078 619 2149 Tingitur
631 2078 742 2133 Oceano
752 2088 839 2133 custos
851 2080 862 2108 ²
876 2076 1085 2150 Erymanthidos
1098 2078 1176 2135 Urso
1186 2076 1215 2141 ³,

534 2168 736 2239 AEquoressque
747 2189 796 2223 suo
806 2168 893 2228 sidere
905 2168 994 2223 turbat
1004 2188 1084 2239 aquas
1095 2189 1101 2221 :

331 2305 480 2383 ostendit
495 2308 669 2381 Arcturum
685 2323 758 2379 turn
775 2303 953 2395 occidisse,
974 2334 1078 2406 mum
1095 2305 1165 2381 lrec
1180 2308 1272 2381 Naso
1288 2307 1411 2385 scribe

331 2442 399 2512 ret;
412 2421 447 2495 id
457 2439 525 2512 est,
535 2450 605 2500 non
615 2438 703 2497 certe
716 2449 820 2522 quum
828 2422 938 2507 Rome
949 2419 1295 2521 proficiscererumed
1311 2450 1413 2524 quum

328 2541 397 2640 jorn
411 2541 447 2614 in
465 2540 548 2614 mari
563 2555 669 2630 esset,
687 2567 724 2614 ac
739 2538 884 2639 proinde
893 2566 1005 2617 meuse
1017 2539 1215 2618 citissimum
1227 2539 1409 2624 Demos

332 2682 372 2729 ex
391 2653 492 2729 modo
511 2653 620 2728 dictis.
641 2653 747 2728 Addit
764 2654 853 2726 enim
869 2655 1013 2745 Noster,
1031 2682 1114 2732 vers
1131 2652 1155 2726 3
1169 2671 1203 2730 et
1218 2656 1242 2748 4
1256 2687 1264 2728 :

497 2819 552 2872 Nos
562 2827 654 2870 tmen
665 2815 773 2869 lonium
786 2835 843 2870 non
855 2827 946 2870 nostra
957 2817 1086 2873 findimus
1095 2837 1179 2888 equor

526 2910 646 2980 Spontes
661 2906 708 2964 ssd
718 2906 832 2962 endsoes
841 2907 963 2978 cogimur
972 2927 1029 2964 esse
1038 2917 1112 2967 metu
1119 2947 1128 2977 ,
1140 2921 1190 2976 ete.

333 3048 427 3146 Quin
446 3047 513 3120 imo
532 3062 604 3118 turn
617 3042 719 3116 Irata
729 3041 921 3118 adhucdum
936 3045 1144 3135 cernebatur,
1157 3076 1206 3122 rs.
1231 3077 1362 3151 ¹7·2⁰²

499 3209 582 3284 Quod
595 3211 644 3268 nisi
658 3220 772 3266 mutatas
783 3211 902 3265 emiserit
912 3210 1007 3266 AEolus
1019 3232 1110 3281 auras,

528 3304 561 3357 ln
575 3302 631 3358 locs
643 3303 698 3370 jarn
708 3301 785 3356 nobis
796 3320 853 3357 non
865 3301 986 3357 adeundo
997 3301 1076 3359 seres.

495 3395 565 3451 Nam
577 3393 686 3464 procul,
700 3395 814 3465 Illyricis
824 3392 888 3446 leva
899 3391 932 3446 de
945 3405 1019 3462 parte
1032 3394 1142 3463 relictis,

525 3487 671 3542 luterdieta
683 3485 749 3540 milri
763 3487 883 3540 cernitur
893 3487 982 3542 nan.

364 3661 373 3691 ¹
392 3655 436 3709 Sir.
447 3665 475 3708 et
486 3665 547 3709 ante
560 3653 613 3724 ipse
626 3656 746 3722 Scaliger,
759 3651 805 3722 qui
818 3651 924 3725 Prolog.
936 3654 969 3708 sd
981 3653 1085 3709 Chron.
1098 3653 1195 3710 Euseb.
1203 3675 1260 3726 pag.
1278 3658 1327 3724 16,
1346 3677 1409 3727 pro·

330 3743 527 3807 sanctonum,
543 3739 636 3794 Ovidii
646 3739 788 3793 discessum
800 3757 834 3792 ex
852 3739 919 3794 urbe
931 3739 1069 3811 contigisse
1080 3754 1193 3796 runaut
1211 3757 1253 3796 vn
1271 3741 1339 3800 tetus
1348 3743 1410 3798 No·

331 3826 417 3881 vemb.
430 3843 487 3880 non
499 3824 577 3895 louge
589 3844 604 3878 o
615 3823 768 3894 plenilunio.

362 3921 375 3949 ²
392 3916 463 3970 Alias
483 3917 678 3986 Arctophylax,
699 3934 731 3966 ex
752 3931 836 3982 gmon
853 3915 972 3985 origiue,
993 3913 1031 3969 nti
1047 3926 1075 3968 et
1090 3917 1232 3980 Arcturus,
1254 3934 1286 3972 ac
1312 3919 1411 3972 Bootes

328 4011 444 4056 vocatur.

360 4090 372 4124 ³
388 4091 446 4144 llos
458 4109 548 4144 versus
560 4090 663 4158 prolert
679 4091 774 4158 Scali5.
790 4090 816 4143 J.
837 4088 871 4142 C.
887 4090 1003 4159 indeque
1021 4089 1136 4162 coligit,
1152 4109 1262 4146 mem
1280 4091 1411 4150 dim

329 4172 455 4228 Ovidiuni
467 4171 563 4242 suun,
576 4173 604 4228 in
615 4191 668 4244 quo
679 4174 804 4233 Arctum
814 4173 947 4234 mstutino
958 4185 1078 4245 mpure
1099 4175 1207 4244 occidit,
1227 4176 1257 4232 id
1271 4187 1332 4244 est,
1354 4193 1410 4233 vus

326 4259 366 4311 Idi
380 4259 497 4313 Noverat.
