3017 5000
319 491 379 558 ras
642 494 681 556 r.
715 492 902 591 ovpnu
929 489 1058 559 vum

529 652 662 707 Exciterte
675 664 780 707 tanturn
792 674 828 707 ne
841 655 887 707 tibi
900 671 964 709 cura
975 654 1031 707 mei
1044 675 1050 705 ε

481 744 572 814 Quam
586 755 615 798 tu
627 744 669 799 vel
681 746 751 815 longi
766 746 846 801 debe·
856 744 1019 799 convictibus
1030 744 1095 812 ovi,

510 837 563 891 Vel
575 856 632 892 maa
643 838 714 907 qnod
727 840 823 909 conjux
834 857 890 893 non
904 842 990 892 alr'eu
1000 838 1057 893 tibi.

314 979 408 1055 Idem
418 996 451 1055 et
461 978 501 1055 de
511 980 599 1078 Ruso
609 980 768 1055 discimus
780 1007 818 1054 ex
831 980 883 1055 El.
897 1002 935 1055 xt
945 980 1090 1080 ejusdem
1099 977 1190 1069 libri,
1200 1007 1246 1055 vs.
1266 980 1385 1054 1318:

480 1150 581 1221 Sponte
595 1151 721 1221 quidem,
736 1171 784 1222 per
794 1172 874 1221 seque
887 1164 992 1206 maest
1005 1151 1140 1206 laudabilis
1150 1171 1231 1215 uxor,

512 1240 661 1297 Admonitu
676 1243 771 1295 melior
782 1242 813 1297 lit
824 1253 915 1296 tamen
928 1242 972 1296 illa
986 1254 1041 1297 tuo.

484 1335 608 1404 Namque
622 1334 692 1404 qnod
708 1335 871 1389 Hermiones
885 1322 981 1389 caue
991 1334 1059 1402 suit,
1074 1335 1176 1389 Hector
1187 1334 1254 1400 luli,

516 1425 576 1479 Hoc
589 1443 638 1494 eqo
651 1436 676 1477 te
690 1424 766 1478 lator
777 1426 894 1492 coulapr's
905 1444 960 1479 esse
972 1434 1052 1487 me,

485 1516 569 1585 Qun,
582 1534 617 1568 ne
630 1514 761 1567 dissimilis
773 1515 820 1568 tibi
832 1515 866 1568 sit
877 1514 1024 1583 probitate,
1036 1514 1153 1581 laborat,

515 1606 604 1675 Seque
616 1610 656 1658 tar'
665 1605 718 1658 vita
729 1610 862 1672 sauguinis
874 1624 929 1658 esse
942 1604 1052 1674 probat:

317 1750 405 1825 unde
430 1746 539 1849 palam
560 1745 613 1837 lit,
633 1746 755 1849 Rujum
780 1745 883 1821 luisse
902 1748 1004 1847 hujus
1022 1749 1126 1823 tertia
1147 1747 1262 1822 uxoris
1279 1748 1394 1823 Ovidii

317 1864 521 1948 avunculum,
543 1861 824 1962 quemadmodum
839 1864 1008 1937 avunculus
1022 1881 1092 1937 erat
1108 1863 1292 1937 llermtoues
1313 1864 1397 1939 Cas-

319 2003 384 2071 tor,
403 1984 454 2056 uti
468 2000 502 2055 et
515 1981 588 2053 Iuli
597 1982 733 2053 Hector.
749 1979 884 2054 Etenim
899 1980 1067 2055 llemu'one
1080 1980 1147 2055 lilia
1165 1982 1229 2056 fuit
1241 1982 1392 2067 Heluam

319 2130 393 2202 qua
410 2129 505 2174 soror
523 2098 661 2173 Castoris
673 2116 707 2170 et
714 2097 878 2189 Pollucis,
896 2128 934 2174 ex
947 2098 1041 2175 Leda
1056 2130 1158 2176 uxore
1174 2099 1333 2201 Tyndari.
1347 2104 1396 2175 lta

320 2216 415 2290 Iulus
425 2214 515 2290 filius
533 2231 601 2288 erat
613 2214 727 2289 AEneae
740 2242 780 2287 ex
797 2214 930 2301 Creusa,
948 2217 1072 2291 Priami
1085 2215 1168 2303 lilia,
1188 2233 1221 2288 et
1239 2215 1395 2291 Hectoris

320 2352 445 2407 sorore.
465 2330 595 2406 Idcirco
612 2330 681 2403 haec
698 2329 845 2405 Nasonis
861 2360 945 2405 uxor
962 2349 1100 2405 matrem
1114 2328 1235 2405 habuit
1249 2329 1334 2427 Rufi
1343 2360 1396 2405 so-

321 2475 439 2523 rorem.
457 2446 583 2522 Fundis
592 2476 669 2521 vero
681 2445 787 2546 llusus
796 2446 859 2522 iste
872 2444 947 2535 fuit,
958 2466 997 2523 ut
1011 2446 1064 2523 El.
1075 2448 1132 2522 fin.
1146 2450 1270 2523 Noster
1280 2445 1395 2522 doceti

487 2621 605 2674 Maxima
618 2623 738 2674 Fundani
749 2618 848 2690 gloria,
862 2620 961 2687 nure,
973 2625 1033 2676 solr'.

371 2769 493 2838 Fuerat
517 2762 585 2835 haec
604 2761 717 2836 Ovidii
743 2765 840 2836 tertia
863 2764 984 2861 conjux
1001 2777 1077 2836 ante
1092 2761 1188 2836 alteri
1204 2781 1313 2866 nupta
1328 2789 1398 2836 ma·

322 2885 407 2970 rito,
426 2911 465 2956 ex
482 2911 549 2982 quo
565 2879 665 2953 filiam
684 2897 879 2982 pepererat,
898 2908 996 2982 quam
1012 2901 1129 2983 postea
1146 2881 1291 2968 Suillius,
1317 2883 1398 2956 Ger-

322 2999 444 3074 manici
457 2999 596 3072 Caesaris
607 3024 737 3084 comes,
756 2996 869 3085 duxit,
886 3026 925 3071 ex
938 3000 1065 3088 Ponto,
1077 2999 1136 3074 lib.
1151 3003 1211 3090 lV,
1226 3003 1289 3102 Ep.
1307 3019 1396 3086 vltl,

323 3145 404 3190 vers.
424 3141 538 3214 9-12:

485 3287 534 3340 Jus
547 3284 651 3354 aliquod
663 3284 766 3340 ludunt
777 3283 870 3354 affini:
879 3289 984 3338 ducale
993 3285 1069 3339 uobis
1079 3323 1087 3352 ,

520 3377 591 3446 Qun
602 3395 707 3445 semper
719 3385 846 3428 maneant
854 3374 1013 3458 illabefacta,
1027 3395 1127 3445 precor.

491 3453 560 3522 Nain
572 3465 618 3521 tibi
632 3485 689 3535 quen
702 3467 814 3535 conjux,
829 3463 923 3518 eadem
935 3465 1148 3535 mihifilr'apaene
1159 3479 1214 3521 est:

519 3559 556 3614 Et
567 3579 625 3630 quan
639 3570 663 3613 te
674 3578 791 3626 ‘eaerum
804 3599 811 3620 ,
833 3577 877 3612 me
889 3568 965 3612 vocat
976 3559 1018 3612 illa
1032 3565 1127 3624 uirum,
1145 3571 1195 3614 etc.

374 3703 477 3802 Quod
494 3729 596 3803 porro
609 3703 733 3774 Noster
746 3667 856 3774 desua
871 3702 1045 3800 subjungit
1060 3703 1142 3791 filia,
1160 3720 1339 3804 postquam
1355 3705 1394 3778 de

325 3819 394 3894 suis
403 3818 604 3919 conjugibus
613 3835 817 3906 narraverat,
830 3817 1022 3914 ambiguum
1035 3819 1227 3922 efficit,qna
1239 3847 1281 3894 ex
1291 3836 1395 3894 uxort

325 3961 396 4012 eam
414 3934 584 4032 gennerit,
603 3932 704 4006 Trist.
724 3932 784 4009 lib.
803 3937 867 4022 lv,
883 3933 976 4031 Eleg.
997 3955 1036 4024 x,
1054 3960 1135 4012 vers.
1156 3937 1203 4038 75
1216 3955 1250 4012 et
1270 3935 1341 4036 76:

489 4110 557 4160 turra
567 4105 607 4159 his
619 4107 703 4175 prima
717 4119 773 4159 mea
784 4115 826 4159 πίε
838 4094 963 4160 iocunda
975 4109 1096 4175 juventa,

519 4196 573 4250 Sed
586 4216 640 4249 non
653 4215 684 4250 ex
696 4215 751 4250 uuo
764 4199 876 4268 conjuge
888 4237 896 4265 ,
909 4198 973 4252 lecit
985 4217 1070 4252 arum.
