3017 5000
352 490 414 557 116
682 494 720 555 P.
746 490 930 558 OVIDII
960 491 1096 559 VITA

344 630 456 705 Plinio
478 640 486 668 ¹
515 658 648 731 quoque
671 631 773 703 clarus
795 631 876 703 sister
893 630 1017 703 dr‘ceoffl
1035 630 1206 730 roap‘srms.
1224 630 1345 706 dicitur
1359 688 1368 720 ,
1383 653 1415 708 et

344 746 556 843 Quintiliano
574 756 604 833 ²,
620 748 739 845 prtinus
761 747 842 819 clon'
858 746 991 820 nominis
1007 745 1169 846 professor.
1198 746 1298 821 Obiit
1313 765 1413 823 autem

343 890 432 935 anuo
447 864 489 934 U.
507 862 545 935 C.
561 860 813 947 circitorum,
833 888 901 961 quo
913 890 976 963 per
989 878 1187 936 autumnum
1202 860 1300 937 desiit
1315 892 1413 937 annus

342 976 486 1051 Abrahae
505 997 653 1065 ΜΜΧΗΙ,
671 1006 708 1051 ac
723 975 861 1078 Olymp.
876 994 983 1050 exelv
997 979 1148 1078 primns,
1167 978 1210 1051 ad
1228 1006 1328 1079 quem
1340 980 1412 1051 Ilie

341 1102 501 1194 ron'ymus
519 1094 554 1166 in
574 1092 741 1168 Chronico
755 1093 825 1166 bac
841 1109 959 1165 notat:
977 1124 995 1157 α
1011 1094 1061 1167 Μ.
1077 1094 1218 1169 Porcius
1232 1096 1336 1168 Latro
1350 1094 1414 1167 ba·

343 1243 360 1273 »
382 1209 474 1283 tinus
491 1208 708 1294 declamator,
734 1208 833 1281 tedio
851 1208 997 1309 duplicis
1015 1228 1182 1311 quartanas
1198 1227 1301 1285 semet
1320 1212 1414 1283 iuter·

343 1360 361 1391 u
384 1326 473 1401 lecit
496 1360 512 1389 ³¹

262 1420 276 1443 ⁸
388 1446 468 1517 Non
495 1443 580 1517 adeo
607 1441 705 1515 nobis
725 1458 828 1514 notus
852 1443 972 1516 estM;
996 1444 1143 1518 Arellius
1161 1444 1305 1529 Fuscus,
1337 1445 1414 1518 alter

340 1556 455 1633 Ovidii
486 1556 621 1642 rhetor,
641 1555 681 1629 dc
702 1583 770 1655 quo
796 1555 921 1629 Seneca
944 1554 1088 1631 libemm
1113 1556 1177 1629 lert
1199 1557 1361 1657 judicium
1380 1558 1412 1629 ³:

341 1710 358 1739 «
380 1676 463 1747 Erat
475 1672 654 1773 explicatio
667 1671 767 1745 Fusci
780 1671 899 1745 Arellii
912 1671 1085 1773 splendida
1098 1672 1253 1775 quidem,
1271 1675 1330 1749 sed
1344 1704 1415 1777 ope

340 1826 357 1855 »
378 1818 454 1864 rosa
473 1806 506 1861 et
522 1786 709 1889 implicita:
730 1783 840 1861 cultus
856 1787 957 1862 nimis
973 1790 1160 1890 exquisitus
1183 1819 1191 1862 ε
1215 1792 1414 1893 compositio

338 1941 355 1973 n
375 1905 553 1980 verborum
580 1902 732 1989 mollior,
760 1920 822 1977 etc.
845 1903 973 1979 »Idem
990 1904 1164 1981 nonnullis
1182 1903 1195 1952 ⁴
1214 1906 1363 1997 videtur,
1378 1936 1435 1982 ac-

334 2021 411 2110 ille,
430 2049 528 2121 quem
545 2018 677 2092 Plinius
693 2016 705 2057 ⁵
719 2017 836 2119 prodit
852 2045 888 2092 se
902 2019 1026 2098 vidisse
1040 2038 1155 2097 motum
1167 2024 1300 2126 equestri
1309 2022 1414 2098 ordire

335 2140 373 2215 ob
391 2140 536 2239 sissrgroem
560 2136 766 2221 calnomum,
792 2163 834 2209 es
857 2153 982 2237 argemo
1005 2143 1140 2214 annulos
1157 2138 1328 2215 habrum.
1351 2140 1414 2215 Sed

336 2284 440 2358 quum
461 2253 516 2327 alii
534 2251 664 2327 codices
683 2252 849 2327 Aurelium
869 2254 1010 2328 Fuscum
1026 2256 1227 2345 exhibeant,
1252 2286 1313 2331 nec
1330 2259 1414 2331 veri·

335 2369 442 2443 simile
460 2368 523 2455 sit,
554 2364 664 2439 Plinio
684 2365 697 2405 ⁶
715 2366 822 2440 visum
842 2394 914 2441 esse
931 2368 1099 2444 rhetorem
1117 2370 1181 2444 sub
1204 2370 1362 2467 Augusto
1380 2370 1413 2443 in

335 2484 450 2561 Ovidii
480 2482 704 2557 adolescentia
730 2480 962 2584 profitentem,
986 2485 1090 2561 satius
1116 2486 1198 2560 mibi
1215 2486 1351 2562 videtur
1365 2516 1413 2560 as-

335 2629 467 2676 sensum
488 2600 550 2672 hac
569 2599 605 2671 in
621 2627 657 2673 re
676 2598 841 2672 cobibcm.

381 2717 443 2788 III.
463 2712 557 2810 Quin
573 2730 604 2786 et
622 2711 771 2790 Athenas
787 2711 975 2786 studiorum
997 2742 1095 2797 causa
1116 2717 1208 2790 Naso
1225 2715 1346 2816 petiit,
1363 2717 1413 2816 ip·

335 2828 740 2914 sometdoccntc‚T1·ist.
760 2826 821 2900 Iib.
840 2828 875 2918 l,
892 2827 986 2924 Eleg.
1006 2850 1053 2918 11,
1072 2859 1153 2906 vers.
1171 2859 1214 2932 77
1232 2863 1240 2903 :

502 2975 558 3028 Nec
570 2984 646 3043 pcto,
660 2993 724 3042 quas
737 2974 873 3044 quondam
885 2975 949 3044 petii
959 2979 1104 3038 studiosus,
1114 2979 1240 3030 Atheus.

334 3097 381 3168 At
398 3092 490 3166 aliud
506 3109 637 3190 tempus
656 3093 853 3191 spectaverit
870 3091 953 3181 iter,
972 3119 1041 3192 quo
1060 3121 1095 3166 se
1114 3091 1233 3168 Sicilia
1255 3094 1411 3195 Asiaque

334 3207 434 3282 urbes
450 3205 667 3308 perlustrasse
684 3206 783 3278 canit.
802 3204 932 3279 Ibidem
949 3206 1038 3280 enim
1053 3207 1249 3307 subjungit:

499 3351 605 3421 Oppida
616 3367 670 3404 nou
684 3353 772 3414 Astis,
788 3369 843 3404 uon
857 3351 912 3406 loca
923 3351 977 3404 visa
989 3353 1061 3422 prius
1075 3372 1081 3405 :

333 3491 362 3546 et
381 3499 421 3544 ex
439 3470 537 3542 Pout.
556 3465 614 3539 lib.
631 3467 685 3555 II,
705 3466 815 3567 Epist.
834 3487 855 3540 x
872 3465 914 3542 ad
929 3467 1101 3554 Macrum,
1118 3495 1202 3593 vers.
1223 3492 1266 3540 21
1286 3500 1295 3541 :

366 3645 373 3672 ¹
392 3639 462 3694 IIist.
475 3637 536 3692 Not.
549 3636 591 3690 lib.
605 3636 676 3706 XX,
692 3656 747 3706 cap.
763 3641 802 3704 14.

364 3730 375 3758 ²
392 3724 507 3792 Institut.
517 3721 561 3776 lib.
574 3723 614 3788 X,
630 3741 686 3792 cap.
701 3727 723 3776 5.

363 3810 374 3843 ³
391 3809 470 3865 Praef.
486 3807 529 3860 lib.
542 3806 570 3860 11
588 3804 717 3859 Controv.

363 3901 374 3936 ⁴
392 3897 448 3951 Nic.
463 3891 549 3948 Fabro'
559 3893 623 3948 Not.
633 3902 660 3945 et
669 3889 740 3944 And.
754 3889 880 3960 Sobotto,
890 3891 925 3946 de
938 3892 979 3947 CI.
987 3893 1057 3964 apud
1067 3894 1132 3949 Seu.
1139 3895 1219 3950 Rbet.
1228 3916 1286 3968 pag.
1296 3899 1321 3950 6.

363 3982 374 4016 ⁵
392 3979 448 4033 Lib.
459 3975 582 4032 XXXIII
593 4015 600 4042 ‚
613 3993 668 4044 cap.
686 3996 722 4027 ιη.

363 4063 375 4100 ⁶
391 4063 475 4117 Natus
491 4059 545 4112 scil.
564 4068 620 4110 crat
631 4076 672 4112 au.
686 4057 722 4111 U.
736 4054 769 4111 C.
783 4071 920 4110 uccuxxvr
938 4069 1068 4128 exeunte,
1093 4061 1133 4114 vel
1144 4080 1187 4116 an.
1202 4077 1354 4118 uccuxxvn
1366 4065 1411 4119 Ia-

332 4151 430 4210 bcntc,
444 4163 461 4197 x
471 4153 527 4213 post
540 4139 651 4210 Augusti
660 4139 763 4193 obitum
776 4142 867 4204 annin
878 4142 974 4212 quippe
986 4143 1031 4212 qui
1042 4143 1107 4198 obiit
1119 4147 1357 4216 Augustomense,
1367 4167 1412 4202 au.

334 4239 497 4290 ccccxxxii,
508 4221 589 4278 utatis
600 4231 704 4276 sextoet
711 4227 916 4290 qur'rrqumsr'mo
924 4243 931 4275 r
940 4223 991 4276 vicl.
1001 4225 1058 4284 vis.
1069 4225 1149 4280 Plinii
1157 4227 1214 4295 jun.
1223 4226 1255 4281 ad
1266 4227 1341 4282 bunc
1348 4249 1396 4282 au.
