3017 5000
398 487 493 555 nnn
518 488 551 553 J.
579 484 806 554 Messon.
1081 487 1144 578 ὥς,

95 627 177 717 bitur,
186 628 213 701 si
227 627 457 716 observemus,
463 656 571 729 pacem
583 658 657 703 cum
669 626 807 713 Parthis,
818 654 906 699 anno
915 622 1149 729 subsequente,

96 746 126 817 U.
137 746 170 819 C.
187 762 300 818 ttcctv
313 744 441 835 medio,
455 746 674 848 compositam
686 773 775 833 esse,
789 746 841 818 uti
855 744 937 819 abbi
954 755 962 784 ¹
975 763 1054 846 post
1067 773 1152 846 prae·

94 858 240 935 laudatum
252 860 423 934 Norisium
447 860 603 962 pluribus
616 863 792 950 evicimus;
808 891 907 963 quam
920 879 1029 937 tamen
1037 872 1151 963 pacem

96 980 220 1053 nondum
238 980 393 1075 agitatam
420 997 491 1053 tum
507 980 630 1071 luisse,
658 1011 762 1083 quum
784 984 910 1055 Noster
925 1011 962 1055 ea
978 981 1153 1068 scriberet,

95 1122 124 1168 ex
139 1094 247 1170 iisdem
263 1094 373 1197 palam
389 1095 443 1183 fit,
460 1125 529 1170 uon
549 1126 644 1171 secus
659 1125 696 1171 ac
713 1127 751 1171 ex
766 1126 849 1171 vers.
869 1097 941 1171 223
956 1116 990 1171 et
1007 1098 1102 1191 224:

237 1269 372 1338 Tempora
386 1286 436 1322 nec.
446 1288 576 1336 numera,
588 1288 639 1324 nec
649 1270 743 1323 crebro
756 1270 855 1339 respice
868 1270 1002 1335 Romam

270 1361 324 1415 Sed
336 1362 416 1432 luge:
430 1372 500 1417 tutus
512 1366 595 1417 adduc
603 1366 714 1417 Parthus
729 1364 761 1416 ab
776 1362 849 1417 hoste
853 1363 925 1431 supa
935 1374 974 1417 est
982 1371 993 1415 τ’

96 1502 167 1575 unde
184 1532 250 1577 non
266 1504 351 1578 male
368 1504 456 1578 idem
471 1504 752 1581 eminentissimus
770 1505 820 1578 vir
838 1503 986 1599 colligit,
1006 1502 1152 1577 Parthos

97 1645 149 1691 run
164 1616 275 1719 prelio
291 1618 467 1693 decernere
480 1618 700 1695 detrectantes
713 1676 722 1707 ,
737 1620 825 1695 intra
837 1620 1018 1694 munitiora
1030 1618 1155 1720 oppida

98 1759 124 1805 se
134 1735 336 1809 continuisse.

135 1854 173 1925 ll.
192 1854 352 1929 Praeterea
364 1855 457 1929 Naso
471 1853 653 1951 significat,
671 1882 705 1929 se
717 1855 809 1928 bunc
822 1853 1042 1929 Ramedrbrum
1054 1854 1155 1929 Amo
1174 1918 1180 1929 .

99 1966 132 2039 ni
151 1965 265 2041 librum
288 1967 401 2069 aliquo
419 1986 498 2068 post
517 1974 632 2043 Artem
649 1970 849 2045 Amatorr'om
871 1988 1023 2070 tempore
1041 1995 1154 2042 exara-

99 2082 186 2173 visse,
201 2114 301 2187 quum
317 2085 366 2159 sic
383 2084 540 2159 orditur:

242 2258 354 2328 Legerat
363 2256 443 2327 hujus
456 2257 542 2311 Amor
555 2257 661 2311 titulum
672 2276 824 2326 nomenque
836 2255 930 2310 libelli:

274 2348 348 2403 Bella
360 2347 441 2415 mibi,
455 2348 549 2416 rideo,
562 2348 629 2417 bella
641 2360 784 2418 parantur,
795 2349 839 2402 ait.

241 2441 323 2495 Parce
334 2451 412 2493 tuum
423 2450 512 2495 ratem
523 2440 627 2495 sceleris
638 2440 780 2508 damnare,
795 2440 918 2510 Cupido,
930 2449 980 2493 etc.

244 2531 319 2600 Sepe
332 2542 425 2602 tepent
437 2531 478 2586 alii
489 2533 599 2601 juvenes
610 2553 617 2585 :
628 2552 677 2602 ego
687 2552 794 2602 semper
805 2534 906 2598 amavi,

277 2623 313 2677 Et
324 2623 364 2688 si,
378 2622 440 2693 quid
453 2623 546 2678 laciarn
557 2643 631 2678 nunc
642 2643 765 2694 quoque,
778 2624 887 2694 quaein
901 2642 969 2677 amo.

245 2715 320 2784 Quin
334 2715 515 2778 etiarn-docui,
532 2734 583 2784 qua
594 2715 674 2784 possis
685 2715 770 2769 Anrn
783 2717 886 2784 parari3

274 2807 311 2860 Et
324 2805 396 2876 quod
408 2826 481 2862 nune
492 2807 559 2861 ratio
571 2818 627 2874 est,
640 2808 754 2877 impetus
768 2818 830 2861 ante
840 2807 898 2861 suit

241 2901 297 2954 Nec
309 2911 353 2966 te,
365 2898 460 2953 blande
473 2919 555 2970 puer,
569 2919 618 2954 nec
630 2915 753 2954 rtosrntts
767 2900 905 2971 prodimus
917 2900 1013 2954 Annus
1025 2922 1031 2953 z

274 2991 331 3046 Nec
342 3010 411 3044 nora
419 2995 570 3059 preteritum
582 2991 661 3046 Musa
673 2993 767 3045 retexit
779 3012 848 3060 opus.

142 3135 192 3208 lll.
220 3137 402 3227 Caeterum,
425 3135 502 3212 licet
524 3136 675 3232 vulgares
697 3136 779 3210 editi
798 3136 929 3210 codices
940 3135 1012 3208 bac
1027 3135 1158 3210 Amoris

105 3249 231 3324 darreddr
247 3252 282 3324 in
299 3251 386 3326 duos
403 3252 555 3327 dividant
573 3252 699 3339 libros,
724 3250 778 3325 alii
804 3269 913 3325 tamen
936 3250 1027 3324 MSS
1051 3277 1156 3321 nuum

105 3367 183 3442 nodo
191 3367 316 3443 librum
327 3369 468 3455 laniunt,
487 3386 526 3442 ut
538 3367 784 3443 illustrissimus
798 3366 907 3441 Nicol.
924 3365 1083 3440 Heinsius
1095 3394 1159 3439 nos

105 3479 204 3558 docuit.
233 3487 302 3559 Nec
318 3484 414 3559 aliter
430 3485 571 3585 ipsemet
589 3485 750 3573 Ovidius,
770 3484 829 3585 qui
847 3511 943 3557 versu
965 3509 979 3554 1
997 3484 1065 3581 jam
1081 3510 1157 3582 pro-

105 3591 155 3670 lato
169 3600 300 3674 labellum
317 3599 384 3674 boc
400 3627 520 3702 poema
535 3617 650 3689 vocat,
668 3599 864 3673 observante
880 3596 997 3672 eodem
1014 3594 1055 3670 cl.
1073 3597 1155 3671 viro.

105 3711 165 3788 llec
180 3735 286 3790 tamen
301 3714 454 3804 ratio,'si
469 3715 540 3790 sola
557 3716 660 3806 soret,
678 3743 749 3790 rem
767 3714 888 3789 invicte
904 3743 975 3788 non
988 3712 1157 3800 definiret,

106 3831 351 3935 quandoquidem
368 3837 493 3908 Noster
509 3833 608 3908 libelli
622 3861 758 3934 quoque
770 3831 904 3906 nomine
918 3834 1032 3906 Artem
1049 3835 1158 3904 Arna-

106 3946 192 4020 tan'orn
217 3950 325 4024 tribus
349 3949 446 4025 libris
471 3967 658 4025 contentam
682 3948 858 4044 indigitat,
885 3948 987 4023 Trist.
1014 3945 1074 4021 lib.
1099 3947 1156 4031 ll,

108 4085 170 4135 urs.
188 4065 266 4159 545.

133 4259 139 4287 ¹
153 4257 207 4316 tant
218 4263 304 4336 templ.
318 4265 411 4321 Rescr.
424 4283 481 4336 pag.
495 4265 635 4320 350-352.'
