3017 5000
312 455 356 521 36
584 459 623 524 Ρ.
652 459 841 526 OVIDII
867 458 1111 531 NASONIS

361 601 476 674 Victor
492 618 531 674 ut
548 616 599 675 est
614 599 713 674 celeri
730 600 881 701 victaque
897 629 991 676 versa
1007 603 1112 704 pede:
1332 627 1392 695 qn·

312 719 455 818 Solaque
472 717 611 792 Limone
628 745 759 818 poenam
775 745 819 790 ne
836 719 976 791 senserit
987 717 1094 807 illam,

359 837 404 908 Et
419 850 476 907 tua
494 831 591 906 dente
606 831 677 906 lero
696 833 820 906 viscera
840 850 954 933 carpat
969 861 1086 933 equus.

307 953 398 1036 Aut,
417 966 455 1024 ut
474 947 718 1035 Cassandreus,
737 947 876 1022 domino
894 975 964 1020 non
980 947 1095 1023 mitior
1110 948 1185 1039 illo,

359 1067 498 1144 Saucius
513 1067 641 1161 ingesta
657 1064 898 1140 contumuleris
914 1066 1029 1140 bumo.

308 1187 395 1269 Aut,
415 1200 453 1255 ut
471 1180 693 1268 Abantiades,
712 1199 771 1254 aut
790 1197 830 1252 ut
846 1180 1012 1278 Cycneius
1027 1179 1147 1266 beros,
1332 1204 1388 1270 465

359 1297 501 1372 Clausus
518 1297 554 1369 in
570 1325 738 1396 aequoreas
753 1295 971 1397 praecipiteris
986 1321 1099 1396 aquas.

309 1416 450 1489 Victima
470 1412 521 1486 vel
539 1411 669 1486 Phoebo
688 1437 798 1485 sacras
814 1409 967 1484 macteris
984 1409 1027 1484 ad
1038 1437 1128 1496 aras,

358 1533 470 1628 Quam
489 1527 566 1602 tulit
582 1557 601 1602 a
619 1553 704 1600 savo
723 1526 922 1601 Theudotus
938 1526 1036 1599 boote
1053 1549 1175 1599 necem.

308 1649 379 1721 Aut
397 1663 427 1718 te
444 1642 599 1716 devoveat
616 1639 715 1714 certis
730 1640 865 1714 Abdera
881 1640 1019 1727 diebus,

358 1765 508 1862 Saxaque
526 1760 684 1833 devotum
701 1757 861 1854 grandine
876 1755 973 1858 plura
985 1772 1111 1858 petam.
1332 1781 1391 1850 43«.

308 1884 379 1955 Aut
393 1878 487 1952 Jovis
504 1876 616 1950 infesti
634 1874 700 1948 telo
716 1875 833 1948 feriare
849 1871 1011 1970 trisulco,

359 1999 407 2070 Ut
424 2012 515 2072 satus
533 1991 739 2094 Hipponoo,
758 1989 1010 2088 Dositboesque
1026 2006 1136 2089 pater;

309 2209 435 2244 converso
445 2229 453 2255 ,
465 2207 548 2259 quum
561 2189 588 2241 in
601 2186 708 2260 Cybelis
720 2185 820 2254 templo
867 2182 1045 2236 terimeretur.
1054 2181 1126 2232 Vns.
1139 2181 1388 2253 Attum-lyrne-

308 2269 405 2324 amoris
416 2268 556 2337 impatiens
566 2267 748 2334 Hippomenes
757 2280 819 2318 cum
866 2264 922 2312 sius
927 2261 1009 2312 tems.
1016 2261 1141 2329 cycneas
1146 2258 1386 2324 eumstmvlmot

308 2349 394 2420 puella
406 2363 463 2401 retu
476 2344 614 2400 habuisset.
626 2343 704 2397 Dour.
867 2334 1100 2404 muttizr'gneiuset
1108 2334 1226 2402 haecum
1234 2355 1284 2404 pro
1290 2338 1387 2390 Cessas

331 2418 821 2494 461.dblaqscbrtnone.Lirnone,Hip·
866 2414 946 2467 etiarn
955 2415 1063 2467 Clausus
1071 2415 1386 2483 reponendumperseua

308 2505 429 2577 pumenis
440 2522 471 2555 ex
482 2500 622 2563 Atalanta,
634 2497 706 2563 lilia,
721 2508 820 2566 epatre
867 2493 939 2546 euim
947 2505 974 2547 et
983 2492 1072 2547 Tenes
1079 2511 1144 2548 arrae
1154 2493 1247 2549 inclusi
1254 2495 1384 2565 luerunt,

307 2588 335 2638 iu
347 2582 476 2637 adulterio
489 2577 670 2647 deprebensa,
685 2575 761 2643 equis
771 2574 819 2627 di-
867 2592 950 2641 quum
960 2574 987 2625 in
996 2574 1314 2643 mareprocipitabantur.
1325 2578 1385 2630 Nos

306 2658 450 2730 seerpenda
461 2668 500 2711 est
509 2654 612 2709 tradita.
622 2656 692 2709 Zau.
867 2649 942 2718 plura
954 2649 987 2703 de
999 2649 1119 2704 hocloco
1131 2653 1201 2705 notis
1214 2654 1386 2708 uberioribus

340 2740 397 2807 453.
408 2738 479 2791 Aut.
494 2744 522 2787 ut
535 2736 677 2788 Cassandri
681 2773 687 2794 ,
703 2735 819 2783 dominns
865 2728 894 2779 iu
908 2727 1029 2780 medium
1042 2726 1304 2797 proterentem.-
1313 2734 1386 2802 lyr-

307 2837 358 2872 nou
370 2820 456 2870 mitior
465 2816 519 2865 r'llo.
534 2812 605 2865 Libri
621 2808 699 2863 multi
715 2820 819 2864 veteres
866 2807 1041 2857 nesio-them.
1055 2804 1186 2873 loquitur
1197 2806 1231 2860 de
1243 2806 1383 2877 Telepho,

309 2896 476 2953 Cassandro:
489 2888 596 2960 quidarn
606 2891 819 2942 Cassandrusdo·
867 2883 913 2952 qui
932 2883 1092 2955 Lyrnesium
1108 2895 1137 2937 et
1154 2884 1286 2939 Pedasuru
1301 2888 1385 2941 urbes

307 2980 376 3027 uiuo
389 2990 439 3027 non
451 2973 537 3023 melior
552 2970 611 3029 r'llo,
631 2965 689 3030 vel,
703 2967 819 3018 Cassan·
865 2961 951 3014 tenuit
962 2961 1091 3031 imperio:
1102 2962 1123 3014 is
1134 2981 1196 3015 cum
1207 2964 1284 3033 Auge
1293 2975 1383 3020 matre

307 3054 398 3113 dress,
428 3058 458 3100 ut
478 3044 670 3116 Apollodorum
698 3044 818 3097 Cassan·
866 3040 894 3092 in
910 3058 1009 3093 urnam
1021 3039 1177 3108 impositus,
1194 3053 1224 3094 ut
1239 3042 1384 3113 Euripides

307 3129 370 3183 trie
388 3140 532 3201 tyrannum
554 3120 695 3191 intelligat,
714 3122 818 3190 dequo
866 3126 894 3169 et
906 3116 1003 3170 Strabo
1013 3117 1150 3183 scribunt,
1166 3118 1198 3171 ad
1215 3118 1280 3171 ostia
1295 3118 1382 3192 Cayei

306 3207 385 3260 Pout.
394 3204 437 3257 lib.
446 3204 473 3257 ll
483 3242 491 3270 ,
502 3200 543 3254 ΕΙ.
554 3216 598 3267 rx,
609 3200 653 3252 ubi
664 3199 817 3253 monuimus
866 3194 984 3248 fluminis
991 3194 1092 3247 delatus
1100 3206 1138 3249 est
1146 3236 1154 3261 ,
1162 3196 1207 3248 ubi
1216 3198 1319 3267 imperii
1328 3198 1382 3253 lte-

304 3280 472 3338 seribendum
492 3278 594 3346 videri,
613 3296 649 3330 vs.
666 3278 716 3343 43:
732 3298 746 3323 a
761 3277 818 3331 Aut
865 3292 907 3327 res
920 3274 1025 3329 relictus
1036 3288 1077 3331 est
1088 3274 1381 3334 subconstitutus.

306 3362 477 3419 Cassandreae
487 3358 598 3413 domino
609 3374 664 3410 non
672 3356 763 3409 mitior
772 3374 818 3407 ur·
898 3354 954 3425 469
967 3356 1078 3407 Addere.
1091 3353 1164 3407 Urbs
1173 3352 1292 3409 Thracio
1300 3355 1382 3409 initio

304 3444 350 3497 bis.
364 3464 377 3489 υ
391 3440 492 3495 Hunos.
865 3434 928 3487 anni
945 3433 1082 3487 bominem
1099 3434 1212 3488 devovet
1228 3454 1277 3505 pro
1293 3437 1380 3490 wlute

337 3520 394 3587 465.
403 3522 458 3571 Aut
468 3528 498 3570 ut
505 3517 673 3571 Abantiadas.
685 3514 816 3567 Perseum
864 3514 1018 3580 communi,
1033 3514 1172 3583 obruitque
1185 3515 1319 3585 lapidibus.

303 3595 439 3665 inultigtn
453 3612 514 3647 nam
524 3612 554 3645 es
562 3593 667 3664 Lynceo
675 3602 703 3645 et
712 3592 816 3663 Hyper·
869 3605 873 3616 ·
897 3597 952 3657 47²·
970 3592 1007 3644 Ut
1019 3603 1092 3644 sotus
1106 3594 1247 3660 Hr'pponoo.
1265 3595 1380 3662 impre-

304 3687 419 3731 mnestra
433 3674 520 3739 Abas,
534 3692 565 3727 ex
579 3670 683 3724 Abante
696 3670 815 3723 Proteus
862 3678 937 3721 eatur
949 3668 1017 3720 hosti
1026 3678 1224 3745 repausante-ptos.
1236 3670 1279 3724 De
1289 3671 1381 3741 Capa-

301 3766 329 3809 et
347 3754 481 3818 Acrisius,
501 3771 533 3804 es
551 3750 652 3803 Acrisio
669 3746 779 3814 Danae,
797 3768 813 3802 e
863 3744 1076 3815 neo,}lipponoi
1084 3746 1243 3817 lilio,quem
1252 3760 1336 3819 poete
1346 3750 1379 3803 in

301 3832 393 3885 Danae
411 3832 525 3885 Perseus
543 3826 672 3881 oriundus
692 3838 750 3881 ast:
768 3828 813 3895 qui
863 3824 1059 3894 oppugnatione
1071 3824 1245 3893 Thebanam,
1261 3827 1379 3882 fulmine

302 3910 396 3963 sreulss
407 3908 536 3974 inclusus,
550 3905 581 3959 ab
593 3904 693 3958 Acrisio
701 3906 729 3959 in
739 3924 813 3957 roare
862 3922 1014 3973 percussum
1028 3924 1083 3959 esse
1101 3905 1213 3975 fingunt.
1233 3907 1301 3961 lllud
1318 3926 1377 3961 non

299 4006 413 4060 praeceps
423 3986 499 4039 datus
508 3996 559 4051 est,
573 3994 712 4053 postquam
720 4001 815 4036 eonsu-
862 3980 973 4050 perinde
980 3992 1086 4049 uotum,
1096 3984 1128 4037 ab
1135 3984 1192 4053 ipso
1201 3984 1379 4053 primumscs·

297 4066 364 4121 lenti
377 4066 466 4119 Deum
484 4072 536 4141 :opt
550 4069 639 4116 παιὼν
651 4065 759 4129 γενέσεως
770 4062 814 4136 ell-
860 4059 948 4112 lamro
968 4062 1192 4132 oppugnationem
1214 4064 1376 4125 iuventam

297 4150 379 4221 ¹lions,
392 4161 423 4195 ex
435 4140 541 4194 oraculo
552 4156 707 4207 responsum
725 4148 812 4204 esset,
861 4140 936 4208 eujus
943 4138 983 4193 rei
991 4142 1064 4195 testis
1070 4153 1110 4196 est
1118 4144 1244 4212 vegetius
1253 4181 1261 4208 ,
1269 4141 1312 4195 lib.
1321 4143 1376 4208 tV,

299 4223 460 4278 nasciturum
472 4238 487 4275 e
500 4219 552 4273 lilia
565 4217 666 4281 filiurn,
680 4238 695 4271 a
707 4236 761 4286 quo
772 4218 813 4270 in·
860 4238 883 4272 e.
896 4238 935 4272 ar.
945 4220 974 4273 8.
983 4224 1170 4275 -Dosr'rhoen
1179 4220 1276 4287 Atrax,
1288 4237 1379 4290 quum
