3017 5000
433 475 528 542 rna
552 476 585 541 J.
612 474 846 545 arassou.
1135 510 1180 575 97

112 620 174 693 His
186 618 268 691 clare
284 614 426 707 indicat,
445 646 479 692 se
494 617 715 719 fratremque,
735 617 908 693 duodecim
920 620 1092 696 mensibus
1103 641 1188 703 natu

110 737 272 836 majorem,
283 735 397 809 eadem
411 733 464 809 die
479 736 602 821 Murtri',
617 762 735 837 nempe
749 757 798 810 xx
810 746 1032 815 'natumesse
1049 741 1184 817 Etenim

110 870 170 927 liv
183 848 306 923 kalend.
322 850 457 949 Apn'lcs
474 858 506 937 ²,
526 877 584 923 scu
599 868 661 922 xlx
678 848 732 923 die
759 850 894 937 Martii,
915 850 1099 954 incipiebat
1118 854 1186 928 Mi-

109 994 210 1041 nerrae
227 963 368 1049 sestnut,
388 964 518 1066 quinque
532 963 650 1038 diebus
667 962 894 1054 celebratum,
911 967 1000 1042 unde
1022 968 1186 1072 Quanqua-

110 1088 166 1159 tn'u
180 1084 324 1171 (lictum,
344 1083 439 1181 cnjus
454 1082 560 1184 prirna
574 1081 645 1156 dies
659 1082 827 1160 sacrificiis
841 1085 967 1175 dicata,
985 1086 1095 1162 tribus
1106 1118 1186 1163 vero

51 1284 55 1295 Ι
110 1198 325 1299 sequentibus
337 1194 537 1292 gladiatores
550 1197 585 1269 in
599 1194 729 1271 tbcatro
740 1198 929 1287 certabant;
944 1229 981 1307 ac
989 1201 1130 1301 proinde
1142 1233 1188 1278 se-

112 1314 214 1389 cunda
231 1313 310 1387 festi
329 1312 418 1401 dics,
437 1342 503 1413 qua
518 1314 609 1387 Naso
623 1330 738 1389 noster
754 1333 965 1417 procreatus,
983 1317 1089 1416 prima
1104 1318 1187 1406 fuit,

59 1468 63 1479 ·
112 1458 178 1531 qne
196 1456 309 1530 pugna
330 1428 402 1503 lieri
427 1445 552 1503 cruenta
571 1428 702 1505 soleret.
722 1433 772 1505 Ea
787 1460 866 1505 vero
883 1431 924 1505 tle
940 1431 1006 1505 boc
1021 1431 1108 1507 sesto
1134 1433 1188 1507 di-

112 1548 283 1623 sertissime
296 1564 396 1647 poeta
409 1566 542 1635 narrat,
556 1549 645 1621 Fast.
659 1546 717 1621 lib.
732 1550 801 1637 ΙΙΙ,
817 1577 898 1623 vers.
924 1548 1109 1649 8090814,
1126 1552 1188 1626 ubi

112 1696 207 1767 quum
223 1683 301 1740 ante
319 1665 359 1740 (le
377 1666 467 1739 tertiis
477 1680 552 1766 post
567 1664 651 1740 Idus
663 1668 801 1757 Martii,
823 1667 890 1742 boc
903 1685 955 1741 cst
966 1666 1008 1740 tle
1022 1688 1099 1743 xvll
1114 1668 1188 1760 elie,

113 1785 263 1874 dixisset,
279 1783 394 1859 addit:

270 1950 336 2005 Una
346 1948 403 2003 dies
414 1948 503 2005 media
515 1958 573 2017 est,
590 1959 618 2003 et
627 1947 698 2003 finnt
709 1968 786 2003 sacra
795 1951 915 2005 Hiscere
926 1970 935 2003 .·

305 2044 465 2110 Nsme'reaeqne
478 2058 493 2093 a
505 2040 603 2109 junctis
614 2046 720 2108 queisque
732 2044 821 2093 diebus
834 2040 941 2095 babent.

269 2136 398 2201 Sanguine
407 2130 493 2201 prima
503 2142 592 2195 vacat,
611 2149 662 2185 uec
672 2130 711 2185 iss
722 2150 882 2186 concurrere
892 2133 980 2198 serro;

306 2222 412 2292 Causa,
425 2221 496 2291 quod
509 2232 550 2276 est
561 2220 604 2275 itta
616 2232 679 2275 nata
691 2222 816 2276 Minerva
830 2222 881 2277 die.

269 2315 378 2381 Altera,
391 2324 495 2383 tresque
506 2330 586 2381 super
597 2323 679 2366 strata
690 2313 858 2367 celebrantur
870 2333 965 2381 πεπυ,

302 2404 419 2459 Ensibus
430 2402 538 2457 exsertis
549 2402 640 2456 bellice
654 2402 713 2456 taets
724 2402 783 2456 Dea
795 2414 842 2457 est.

156 2492 210 2618 V..
231 2542 359 2617 GEttth
377 2539 510 2614 tandem
527 2539 635 2613 nostri
653 2567 753 2639 vam
767 2539 870 2613 suerit
889 2537 1034 2628 clarum,
1059 2570 1124 2616 nos
1140 2542 1187 2617 la-

114 2675 174 2734 tere
187 2656 300 2733 noluit
318 2683 419 2731 :nam
434 2654 538 2728 Trist.
557 2652 615 2726 lib.
631 2655 691 2740 lv,
707 2651 803 2748 Eleg.
818 2673 861 2740 x,
879 2681 962 2728 vers.
984 2680 1003 2754 7
1023 2671 1057 2728 et
1074 2654 1096 2727 8
1112 2689 1120 2729 :

271 2819 301 2872 st
315 2816 379 2887 quid
389 2827 417 2870 et
428 2835 443 2869 a
449 2821 553 2884 proavis
563 2832 646 2884 usqne
659 2825 698 2868 est
708 2825 785 2868 setus
795 2818 893 2870 ordines
902 2818 973 2870 heres
979 2836 991 2883 ,·

308 2909 372 2964 Νοιι
382 2906 463 2960 modo
476 2906 603 2960 fortune
615 2924 727 2960 munere
740 2905 824 2960 lactus
836 2924 933 2976 eques:

113 3075 180 3148 que
195 3044 338 3119 toticlem
360 3041 430 3115 sere
453 3039 590 3142 syllabis
609 3039 676 3138 jam
700 3037 864 3112 cecinerat
888 3041 1002 3116 Amor.
1027 3040 1087 3115 lib,
1113 3046 1185 3131 ΙΙΙ,

113 3163 201 3259 Eleg.
223 3181 292 3250 XV,
309 3187 394 3233 vers.
416 3156 437 3229 5
453 3174 488 3231 ct
503 3154 526 3227 6
541 3187 550 3228 :

273 3323 303 3378 Si
316 3321 380 3393 quid
392 3321 419 3375 iti
433 3331 489 3389 est,
501 3337 584 3389 usque
596 3337 610 3372 a
616 3323 722 3386 proceri
734 3327 810 3372 vetus
818 3320 916 3372 ordinis
925 3321 1010 3384 heres,

306 3415 368 3468 Non
381 3411 464 3465 modo
476 3414 574 3464 milsie'ae
584 3407 691 3463 turbine
702 3407 787 3463 la'ctus
794 3425 886 3478 eques,

115 3559 269 3630 etbmor.
284 3553 342 3628 lib.
359 3555 397 3644 Ι,
415 3551 508 3650 Eleg.
528 3569 590 3640 111,
608 3577 689 3624 vers.
712 3575 730 3649 7
750 3567 784 3623 et
800 3547 848 3623 8:
938 3658 946 3670 .

276 3720 306 3776 si
319 3739 363 3774 me
374 3737 431 3774 non
444 3728 554 3772 veterem
564 3713 754 3770 commendant
764 3725 996 3783 messmam

307 3815 436 3877 Nessum
448 3829 503 3864 nec
513 3808 599 3864 nostri
610 3805 745 3876 sanguinis
758 3815 850 3860 auctor
861 3824 955 3876 eques,
964 3817 1014 3862 etc.

42 3997 50 4012 ·
146 3981 155 4010 ¹
173 3978 214 4032 Ut
225 3989 329 4034 eertum
341 3979 391 4045 sit,
413 3995 459 4031 eos
471 3976 630 4044 interpretes
646 3989 735 4026 errare
752 3971 799 4040 qui
809 3987 858 4024 ιιι
875 3972 968 4026 Martii
983 3971 1093 4036 dicunt,
1107 3972 1146 4027 nti
1159 3985 1188 4029 et

119 4059 176 4112 ΑΗ.
188 4063 352 4128 bisentium,
363 4061 408 4130 qni
419 4060 449 4113 in
462 4057 620 4112 nostriVita
631 4053 736 4120 scribit,
745 4073 809 4106 eum
821 4055 929 4106 xrvkal.
935 4046 1189 4122 Aannsturnesse.

148 4145 160 4174 ²
178 4145 221 4199 Ad
231 4165 308 4216 quern
320 4163 427 4216 quoque
441 4143 513 4198 diem
524 4138 692 4212 quinquatria
703 4138 860 4206 consignant
871 4135 1101 4205 tetenderimus
1110 4135 1190 4190 Gru·-

121 4229 264 4298 terisnurn,
280 4251 338 4302 pag.
353 4231 417 4298 133,
429 4247 511 4298 quam
523 4224 734 4282 vindobonense
745 4219 817 4292 eputl
824 4219 1008 4286 lambecium.

240 4331 354 4407 VIII.
987 4345 1007 4409 7
