3017 5000
413 490 509 559 PER
533 492 566 557 J.
594 491 821 559 MASSON.
1095 516 1158 585 ¹79

37 588 38 627 l
100 634 142 708 td
152 633 232 709 idem
245 630 464 731 navigationis,
479 659 547 704 uon
559 630 855 731 veroprrfictrimis
869 648 1003 731 tempus
1015 648 1158 731 spectat,

102 751 176 851 quod
193 750 231 823 de
249 750 414 833 Arcturo,
447 746 562 821 Hodr's
589 765 650 821 otc.
674 747 777 821 habet
793 747 895 821 Trist.
921 746 982 823 lib.
1006 748 1047 834 1,
1064 746 1158 842 Eleg.

105 867 154 942 ult
168 896 247 943 vers.
270 864 383 938 13-16
399 896 406 939 :

244 1014 321 1085 Soepe
334 1030 385 1084 ego
395 1014 521 1067 nimbosas
532 1012 627 1069 dubius
638 1009 753 1082 jactabar
765 1014 797 1067 ab
809 1014 918 1079 ΚΑΜ

278 1102 356 1173 δορα
369 1103 459 1157 minax
474 1104 589 1171 Steropes
598 1102 684 1157 sidere
697 1114 794 1173 pontus
805 1113 881 1155 erat:

248 1195 432 1263 Fuscabatque
443 1193 515 1248 diem
527 1206 613 1248 custos
624 1197 823 1267 Erymanthidos
839 1196 910 1246 [Isse
920 1212 931 1257 ,·

284 1290 341 1341 Aut
356 1290 466 1359 Ilyodas
479 1288 542 1340 seris
555 1298 663 1340 suxerat
678 1288 777 1341 Auser
789 1285 877 1355 aquis,
890 1298 939 1341 etc.

141 1405 263 1479 Idcirco
281 1406 321 1479 ad
342 1435 456 1480 verum
468 1406 665 1506 prrffcctroois
694 1404 868 1479 Ouidianae
889 1424 1021 1506 ternpus
1044 1435 1167 1481 eruen-

104 1523 187 1610 dum,
203 1522 289 1597 nihil
306 1542 355 1601 est
372 1553 477 1624 opus,
504 1543 543 1611 ut
555 1552 677 1621 magno
695 1524 867 1597 molimine
883 1523 1005 1599 horum
1023 1524 1171 1599 sidorum

101 1660 198 1729 ortus,
215 1641 268 1715 rel
286 1670 424 1717 occasus
446 1641 679 1727 discutiamus;
700 1671 805 1742 quum
828 1638 1061 1745 poeta'uoster
1076 1643 1169 1717 hisce

101 1757 309 1831 caracteribus
337 1755 538 1851 signaverit,
556 1786 627 1830 non
643 1785 743 1830 suum
764 1758 876 1831 Roma
895 1755 1095 1847 discessum,
1113 1760 1172 1835 sed

100 1874 282 1974 miraturo
295 1901 447 1962 cursum,
466 1874 561 1971 eujus
573 1902 718 1947 inensem
734 1872 855 1973 diserte
870 1863 1009 1949 notavit.
1029 1876 1119 1951 Satis
1129 1877 1173 1951 ad

101 2016 131 2061 oa
146 1990 289 2062 Nasonis
307 1989 450 2061 carmina
467 1984 819 2092 meliusintelligeuda
834 1983 899 2076 sit',
918 1990 986 2064 haec
1005 2020 1043 2067 ex
1060 1991 1171 2067 Plinio

101 2103 272 2178 adnotasse.
288 2105 322 2178 Is
335 2102 440 2201 igitur
452 2103 513 2178 lib.
529 2101 664 2191 XVIII,
679 2133 750 2206 cap.
768 2103 811 2176 31
831 2137 838 2177 :
857 2140 874 2169 «
893 2106 1011 2196 Sexto,
1026 2105 1088 2204 ait,
1104 2107 1170 2182 kal.

105 2222 295 2297 »Novemh
314 2220 463 2296 Succulae
482 2232 490 2261 ¹
508 2248 642 2323 vespere
660 2224 868 2329 exoriuntur,
880 2222 995 2298 Pridie
1009 2222 1075 2297 kal.
1098 2210 1183 2320 Cae'ffi

103 2371 117 2403 n
134 2340 195 2413 sari
211 2340 380 2413 Arcturus
394 2338 535 2429 occidit,
551 2356 583 2411 et
599 2336 749 2411 Succulae
763 2339 957 2413 exoriuntur
972 2370 1048 2433 cum
1059 2337 1139 2415 sole.
1153 2376 1171 2405 »

100 2456 163 2530 Iilt.
176 2456 227 2547 II,
245 2480 317 2558 cap.
329 2456 374 2558 47
392 2486 400 2530 :
419 2487 435 2523 κ
452 2456 535 2531 Post
544 2454 578 2529 id
590 2454 828 2556 {equinoctium
843 2456 1041 2556 (autumni)
1055 2453 1172 2534 diebus

102 2605 117 2636 o
131 2573 193 2648 lere
206 2590 353 2674 quatuor
362 2589 395 2646 et
407 2557 858 2674 quadraginta'llergiliarum
871 2601 1007 2659 occasus
1018 2573 1170 2676 hyemem
1273 2646 1277 2653 .

101 2690 264 2765 »inchoat
289 2721 297 2762 ε
323 2689 415 2790 quod
434 2707 566 2791 tempus
586 2690 622 2762 iu
642 2709 684 2763 111
707 2691 789 2796 Idus
810 2691 1010 2768 Novembris
1030 2695 1174 2772 inridere

101 2807 312 2882 »consuevit
334 2839 352 2878 u
383 2803 480 2879 Paria
495 2801 598 2878 trallit
620 2799 680 2880 lib.
699 2803 836 2893 XVIII,
856 2834 928 2906 cap.
953 2805 1021 2895 25,
1040 2834 1107 2912 29,
1126 2808 1174 2883 30

98 2935 127 2992 et
141 2919 206 3010 31,
225 2921 313 2995 sicut
330 2937 364 2994 ct
380 2918 541 3019 legetius
553 2929 570 3008 ,'
589 2917 663 2992 tib!
674 2919 740 3006 lv,
759 2947 832 3019 cap.
863 2918 910 3020 39
927 2977 936 3009 ,
964 2923 1058 3021 cujus
1075 2925 1175 2998 etiam

100 3039 190 3113 verba
208 3039 412 3137 subjungere
428 3036 548 3112 lubet:
569 3067 586 3102 r
604 3033 635 3109 A
651 3025 835 3111 Nouembri
852 3036 962 3118 autem
972 3069 1088 3136 mense
1104 3071 1175 3118 cre-

102 3188 118 3217 »
134 3156 204 3230 bria
231 3154 489 3254 tempestatibus
506 3145 637 3248 naiigia
656 3151 837 3226 conturbat
852 3142 1077 3252 Vergiliarum
1097 3153 1177 3257 hye-

102 3301 121 3331 »
135 3269 228 3344 malis
253 3295 401 3342 occasus.
426 3267 479 3342 Ex
503 3263 676 3362 dirigitur
694 3261 933 3340 tertiolduum'
953 3266 1175 3358 Novembris,

104 3417 120 3446 ι»
136 3410 238 3487 usque
265 3385 302 3456 iu
327 3384 415 3456 diem
436 3396 564 3456 sextum
581 3379 708 3455 'Iduum
732 3380 930 3457 Martiarum
952 3378 1055 3457 maiia
1083 3383 1176 3482 clau-

104 3499 310 3576 ¹›duntur.»
348 3494 386 3518 ”
585 3488 594 3525 ²
648 3497 651 3504 ⁴
885 3524 888 3531 ’
958 3500 993 3513 “’
1086 3484 1088 3493 ¹

143 3613 255 3704 Alter,
277 3641 376 3716 quem
394 3612 556 3688 Calvisius
574 3611 720 3713 profert,
747 3609 843 3686 locus
864 3641 937 3687 nou
961 3613 1079 3692 melius
1103 3618 1176 3718 ejus

102 3732 290 3804 senteutiam
303 3731 416 3830 juvat,
433 3728 502 3804 scil.
522 3729 626 3803 Trist.
645 3727 704 3802 lib.
725 3731 761 3817 l,
779 3729 831 3802 El.
850 3748 914 3818 111,
934 3760 981 3805 rs
998 3755 1043 3834 27
1060 3750 1093 3805 et
1106 3733 1173 3805 28:

258 3874 375 3948 Jamque
387 3857 557 3948 quiescebant
570 3897 647 3930 voces
658 3854 853 3946 hominumilue
867 3879 1038 3948 canumque,

291 3967 420 4036 luraque
433 3973 579 4017 nocturnos
591 3961 641 4014 alta
654 3962 762 4032 regebat
773 3982 872 4032 equos,
885 3974 934 4018 etc.

130 4105 139 4135 ¹
158 4127 173 4152 a
186 4106 218 4160 ln
228 4107 313 4162 cauda
326 4105 409 4160 Tauri
421 4077 545 4180 maten,
556 4121 622 4173 φιν
631 4102 795 4174 adpellavere
808 4103 952 4173 Vergilias,
965 4105 992 4158 iu
1005 4105 1095 4160 fronte
1108 4106 1176 4160 Suc-

104 4207 117 4232 ·
128 4189 211 4258 cub,
221 4203 270 4248 att,
280 4213 294 4238 n
306 4190 377 4244 Plin.
385 4189 428 4244 lib.
437 4187 465 4244 ll
473 4228 482 4256 ,
491 4207 547 4259 cap.
558 4189 587 4255 41
599 4209 607 4252 r
618 4183 679 4240 Aul.
689 4185 799 4254 Gellius,
808 4187 853 4240 tio.
865 4185 949 4255 XIII,
958 4207 1012 4259 cap.
1021 4209 1038 4261 9
1047 4211 1053 4243 ι
1063 4212 1076 4238 α
1085 4189 1175 4259 Quas,

105 4291 117 4313 ¹
129 4273 178 4341 vlt,
191 4275 276 4332 Groui
287 4275 404 4334 meritur
416 4313 424 4340 ‚
444 4291 492 4327 nm
505 4269 635 4340 Vergilia·
646 4287 770 4326 vocamus
782 4311 790 4336 ,
806 4281 855 4325 etc.
867 4293 881 4319 u
