3017 5000
312 470 356 556 98
644 465 684 543 P·
715 462 898 531 0v1n11
922 462 1062 529 vrrs

311 622 345 679 et
358 603 521 679 Tristium
537 601 595 677 lib.
614 605 670 691 ΙΙ,
688 630 772 679 vers.
796 628 885 690 110,
902 602 945 676 de
961 601 1062 677 domo
1078 630 1160 677 sua:

507 768 592 821 Parva
605 766 713 836 quidem
726 766 819 837 periit,
835 765 881 820 sed
891 766 948 819 siue
960 765 1036 831 labe,
1049 763 1152 819 domus,

474 856 519 913 Sic
531 876 637 928 quoque
652 876 731 927 parva
746 867 848 923 nmen,
855 863 942 925 μανία
953 856 1058 913 dicatur
1067 868 1096 911 ut
1108 875 1164 911 evo

508 947 623 1016 Cusus,
635 968 688 1003 uec
700 947 778 1004 ullius
787 953 921 1004 naturate
931 949 1035 1017 minor,
1048 959 1098 1003 etc.

309 1085 450 1188 denique
469 1084 528 1160 lib.
546 1088 595 1161 lv
612 1115 652 1162 ex
668 1085 802 1174 Ponto,
820 1083 915 1181 Eleg,
933 1104 1024 1171 Vnt,
1041 1112 1124 1159 vers
1146 1110 1187 1184 17
1206 1101 1242 1158 et
1261 1084 1305 1157 18
1323 1116 1333 1157 :

474 1250 528 1303 Seu
539 1266 619 1317 genus
629 1249 757 1315 excutias,
769 1252 879 1317 equulos,
896 1248 929 1301 ab
938 1247 1040 1317 origine
1053 1246 1152 1316 prima,

508 1340 601 1409 Usque
612 1344 814 1409 perlustrarem
824 1339 995 1394 inveniemur
1004 1357 1074 1392 aeos.

305 1478 431 1579 quibus
446 1470 556 1580 palam
574 1494 642 1566 est,
660 1480 827 1553 Nasonem
845 1495 997 1552 nostrum
1024 1504 1093 1550 non
1117 1474 1220 1549 modo
1244 1480 1399 1579 equestris

303 1592 408 1668 luisse
425 1593 571 1682 ordinis,
591 1594 648 1669 sed
666 1614 752 1669 etex
768 1593 857 1684 illis,
875 1595 934 1695 qui
948 1593 993 1667 ob
1008 1592 1140 1689 generis
1155 1591 1399 1695 antiquitatem

306 1710 388 1787 dicti
403 1712 560 1787 videntur
576 1713 705 1814 equites
721 1710 894 1815 splendidi,
915 1711 1055 1811 speciosi,
1073 1710 1206 1784 illustres
1222 1720 1245 1798 ¹,
1257 1710 1308 1784 uti
1318 1712 1399 1811 jam

302 1830 339 1904 in
357 1832 491 1906 Horatii
515 1831 593 1905 Vita
613 1840 626 1869 ²
644 1831 853 1918 notavimus,
872 1828 971 1905 simul
986 1858 1026 1904 ex
1049 1848 1168 1904 nostro
1191 1846 1395 1920 monentes,

302 1946 405 2021 hosce
421 1944 565 2019 multum
582 1943 655 2018 aliis
670 1944 814 2019 fortunae
827 1973 886 2020 seu
899 1943 1025 2018 militie
1032 1971 1170 2018 munere
1181 1943 1277 2017 lactis
1288 1946 1396 2045 equi-

304 2064 399 2138 tibus
424 2060 656 2164 praecelluisse.
685 2060 784 2135 Unde
799 2078 870 2150 est,
890 2061 983 2163 quod
1001 2062 1143 2137 Ovidius
1161 2062 1196 2134 in
1212 2060 1395 2136 mulierem

302 2177 497 2268 invehitur,
515 2206 589 2279 quac
605 2177 707 2253 alium
723 2177 843 2254 militia
859 2207 967 2280 nuper
981 2179 1022 2252 ad
1034 2197 1220 2280 equestrem
1232 2176 1395 2252 ordinem

301 2311 496 2397 promotum
522 2292 589 2397 ipsi
611 2293 824 2395 praetulerat,
851 2297 967 2369 Amor.
987 2294 1047 2367 lib.
1072 2297 1144 2383 ΙΙΙ,
1165 2294 1260 2390 Elcg.
1287 2313 1390 2383 vm,

301 2440 385 2487 vers.
406 2438 428 2514 9
445 2429 478 2485 et
494 2438 583 2512 sqq:

466 2577 537 2632 Ecce
546 2595 633 2630 recens
644 2579 728 2638 dives,
749 2587 826 2645 parto
837 2596 887 2646 per
896 2580 1002 2630 vulnera
1012 2594 1110 2641 censu,

501 2669 649 2724 prefertur
660 2669 735 2726 nobis
746 2669 875 2739 sanguine
885 2679 973 2739 pastus
984 2688 1074 2738 eques,
1086 2678 1137 2723 etc

302 2833 376 2907 qnae
398 2831 476 2878 vero
502 2803 544 2878 ad
566 2803 658 2877 huuc
683 2801 835 2878 ordinem
851 2803 1047 2906 spectabant
1059 2803 1136 2902 jura
1151 2820 1186 2876 et
1202 2802 1361 2878 instituta
1375 2861 1387 2892 ‚

299 2924 415 3026 plures
432 2921 443 2961 ³
461 2923 528 3022 jam
548 2922 752 3009 docuerunt,
772 2949 834 2994 nec
849 2921 949 3020 hujus
968 2939 1018 2995 est
1031 2920 1097 2994 loci
1112 2949 1180 2994 rem
1193 2923 1388 2998 accuratius

302 3041 477 3118 discutere.

351 3161 410 3234 vl.
430 3160 531 3233 Pater
548 3174 581 3230 et
596 3174 702 3232 muter
718 3155 826 3229 adhuc
848 3155 884 3228 in
901 3155 984 3228 rivis
1002 3174 1113 3245 erant,
1139 3185 1241 3258 quum
1261 3176 1389 3234 noster

301 3275 460 3351 scriberet
485 3275 601 3348 Amor.
631 3269 690 3345 lib.
715 3273 752 3362 Ι,
775 3271 868 3368 Eleg.
886 3289 939 3346 111.
960 3270 1047 3371 (vid.
1065 3271 1151 3346 iufra
1173 3302 1249 3346 unu.
1273 3277 1317 3347 U.
1339 3278 1381 3352 C.

302 3410 502 3480 flecterem,
519 3421 553 3464 n.
575 3387 630 3486 3.)
647 3392 716 3464 Nec
735 3407 877 3466 mortem
900 3389 966 3466 nisi
988 3407 1083 3465 aetate
1103 3410 1259 3491 provecta
1282 3392 1384 3469 obie-

301 3526 400 3597 runt,
418 3507 513 3610 prior
522 3507 578 3582 ille
587 3507 653 3608 jam
661 3507 924 3602 nonagenarius,
940 3526 1020 3608 post
1034 3525 1157 3595 muter,
1176 3526 1275 3610 atque
1287 3527 1383 3586 uter-

304 3653 369 3724 que
383 3641 459 3699 ante
471 3623 534 3698 filii
548 3623 698 3700 exsilium
714 3655 721 3698 :
737 3623 838 3699 Trist.
858 3623 917 3697 lib.
936 3625 997 3714 IV,
1008 3623 1103 3720 Eleg.
1119 3645 1163 3713 x,
1180 3654 1263 3698 vers.
1281 3653 1325 3727 77
1345 3656 1355 3700 t

338 3827 347 3858 ¹
365 3822 407 3877 De
422 3823 515 3892 quibus
526 3823 654 3878 nonnulla
665 3833 740 3878 notet
752 3823 854 3894 Lipsius
864 3824 897 3878 ad
909 3821 994 3877 Tacit.
1008 3822 1106 3878 Annal.
1123 3824 1182 3892 xl,
1200 3844 1256 3894 cap.
1272 3827 1303 3892 4,
1319 3845 1384 3896 qut

303 3907 380 3962 nobis
391 3925 446 3960 uon
459 3906 578 3977 placent,
590 3905 637 3961 sed
648 3907 786 3962 confutare
798 3927 846 3977 per
860 3918 984 3962 nostrum
995 3927 1051 3962 uon
1061 3907 1123 3962 licet
1132 3908 1291 3962 institutum.

335 3994 347 4026 ⁸
364 3993 427 4062 Pag.
441 3994 525 4058 rudet
535 4011 589 4061 seq.

336 4073 349 4107 ³
365 4073 427 4127 Vid.
440 4061 533 4128 Rosiu.
547 4072 677 4142 Antiquit.
689 4073 733 4128 lib.
745 4074 774 4140 Ι,
787 4093 843 4143 cap.
856 4095 899 4142 173
914 4075 993 4129 duan,
1007 4076 1108 4130 Anton.
1118 4076 1282 4144 Valtrinius,
1295 4077 1330 4132 de
1338 4077 1384 4134 Re

306 4156 384 4211 mitt
395 4156 439 4210 lib.
452 4157 514 4224 ΙΙΙ,
532 4175 588 4225 cap.
601 4158 637 4223 4;
655 4155 724 4226 Lipa.
745 4156 778 4211 de
797 4154 877 4211 Milit.
893 4157 973 4211 Rom.
995 4159 1039 4213 lib.
1055 4158 1123 4213 Diui.
1137 4160 1180 4222 V;
1200 4157 1331 4212 Alexand.
1348 4161 1384 4213 ab

306 4240 471 4308 Alexandro,
483 4239 527 4296 lib.
543 4239 570 4294 ll
580 4279 587 4307 ,
599 4259 654 4309 cap.
666 4259 714 4312 aq,
725 4259 787 4296 cum
798 4241 889 4311 tiraq.
897 4239 1016 4297 Nocere.
