3017 5000
334 448 396 492 110
673 426 714 491 Ρ.
742 424 923 496 OVIDII
949 424 1086 491 VITA

328 566 407 641 simo
419 594 434 652 ;
457 564 622 667 siquidem
648 566 739 667 apud
766 583 947 666 utrumque
972 565 1087 641 eadem
1105 582 1158 641 res
1179 582 1342 643 uruntur.
1375 568 1415 639 ln

329 710 399 757 eam
417 683 505 757 enim
523 683 697 757 senatoriae
715 682 888 779 dignitatis
903 710 988 783 spem
1006 681 1151 761 Ovidius
1167 680 1272 758 latum
1294 682 1417 758 sumsit

329 800 477 889 clarum,
505 819 545 877 ut
564 801 684 877 invicte
711 802 810 875 docet
831 831 911 879 mor
932 801 1078 890 addens,
1103 828 1187 877 vers.
1215 800 1291 876 35:
1317 798 1416 875 Cant

331 916 487 1003 restabat,
509 934 570 990 etc.
590 915 641 991 3⁰.
663 917 717 989 Ex
732 917 798 990 hoc
814 916 924 990 nostri
944 914 1022 991 loco
1039 932 1151 1017 patet,
1167 915 1301 991 eosdem
1317 912 1416 991 illus·

330 1034 433 1109 trium
456 1035 608 1136 equiturn
636 1032 764 1109 liberos
786 1032 888 1111 simul
906 1063 982 1109 curn
999 1051 1079 1129 toga
1102 1033 1192 1108 virili
1214 1032 1414 1111 laticlaviam

328 1150 494 1241 induisse,
510 1180 616 1251 quum
629 1150 702 1251 ipse
719 1150 790 1225 haec
807 1149 877 1231 duo
891 1178 958 1225 una
974 1149 1115 1249 jungat:

529 1309 647 1361 lr'barm
655 1305 732 1360 fratri
743 1314 833 1359 sumta
844 1305 965 1377 miliique
976 1314 1038 1375 toga
1049 1315 1107 1368 θεὶς

493 1400 673 1470 Induiturquc
681 1398 806 1453 humoris
817 1418 879 1456 cum
892 1402 946 1452 Icto
957 1418 1076 1469 purpura
1087 1402 1169 1456 clavo.

268 1592 283 1612 2
326 1545 396 1617 Nec
406 1542 471 1617 alio
483 1541 653 1617 scnsuhos
663 1540 844 1616 versiculos
855 1539 1090 1616 intellexerunt
1098 1540 1161 1614 viri
1169 1542 1292 1637 magni,
1302 1541 1414 1620 Aldus

328 1660 504 1735 Manutius
525 1669 533 1699 ¹
561 1688 598 1733 ac
620 1662 721 1734 Isaac.
748 1658 970 1733 Casaulronus
992 1666 1027 1746 ²3
1051 1658 1193 1759 quibus,
1212 1659 1323 1760 quoad
1340 1690 1413 1737 rern

330 1775 453 1875 ipsam,
472 1772 638 1847 accedunt
661 1773 790 1848 ‘Iheod
813 1771 990 1847 Mamilius
1011 1770 1046 1862 ³,
1065 1790 1099 1846 et
1119 1774 1279 1849 Octavius
1295 1776 1415 1849 Ferra-

327 1886 398 1961 rius
416 1885 441 1961 ⁴.
459 1890 507 1961 At
522 1887 664 1963 dubium
683 1887 736 1961 hic
753 1916 887 1962 movere
903 1904 1038 1989 potest,
1063 1888 1155 1989 quod
1175 1886 1414 1965 celeberrimus

330 2002 480 2075 Gravius
490 2001 646 2076 observat
657 2002 700 2076 ad
712 2002 783 2076 haec
793 2002 948 2077 Suetonii
960 2002 1002 2075 de
1014 2005 1173 2097 Augusto
1185 2002 1288 2077 verba
1301 2032 1311 2076 τ
1323 2003 1414 2078 Pto-

231 2136 236 2143 '
326 2121 406 2193 tinus
426 2150 448 2195 o
468 2121 558 2195 vr'n'ld
575 2121 639 2219 (ut
654 2120 833 2219 legendum
849 2124 987 2215 censet)
1010 2136 1082 2221 toga
1104 2122 1201 2195 Immo
1219 2124 1337 2197 clavum
1353 2122 1412 2196 in-

326 2238 419 2313 duere
428 2240 587 2339 pervadit,
615 2240 742 2316 scilicet
763 2258 955 2316 senatorum
976 2238 1102 2314 liberis.
1127 2274 1145 2304 «
1162 2242 1295 2315 Etenim
1311 2254 1411 2317 antu-

330 2390 347 2420 »
369 2374 457 2445 mat,
475 2358 637 2457 protinus,
664 2357 758 2459 qnod
780 2358 915 2460 quidem
932 2374 984 2432 cst
1000 2358 1177 2446 continue,
1195 2388 1264 2432 non
1287 2359 1334 2433 ita
1356 2358 1410 2433 in·

330 2507 348 2538 o
368 2471 583 2571 telligcndum
594 2505 680 2566 esse,
693 2476 789 2578 quasi
798 2476 874 2578 ipso
882 2474 935 2551 die
946 2473 1091 2550 tirocinii
1103 2476 1261 2551 sumenda
1272 2505 1409 2578 qnoque

213 2675 219 2682 ἢ
332 2621 350 2652 »
371 2588 489 2664 suisset
508 2591 621 2664 tunica
644 2589 835 2680 laticlavia3
864 2608 935 2665 tum
958 2592 1046 2666 eninr
1070 2608 1192 2666 rectam
1209 2592 1409 2682 sumebant,

330 2737 348 2770 >v
369 2704 425 2778 sed
443 2705 572 2794 statim,
588 2724 646 2780 aut
662 2734 732 2779 non
746 2705 847 2802 longe
862 2724 960 2808 post,
979 2725 1027 2795 et,
1043 2707 1071 2781 si
1088 2705 1232 2794 luberet,
1247 2726 1409 2809 sequente

329 2855 348 2887 o
369 2821 432 2896 die.
452 2856 469 2887 »
491 2823 578 2919 Quae
595 2841 705 2896 tamen
721 2822 953 2924 interpretatio
970 2840 1144 2911 contorta,
1164 2850 1227 2897 nec
1239 2823 1351 2899 valido
1369 2826 1408 2899 ti·

326 2939 437 3028 bicine
446 2936 531 3011 fulta
539 2938 680 3014 ridetur.
694 2940 769 3014 Etsi
783 2939 870 3012 enim
881 2957 1008 3013 certum
1015 2957 1115 3027 esset,
1126 2931 1407 3016 tunican'recum

327 3083 403 3130 cum
416 3074 495 3152 toga
508 3055 595 3130 virili
608 3074 750 3131 sumtam
759 3056 882 3145 luisse,
897 3056 1016 3157 quidni
1028 3055 1143 3131 liceret
1160 3084 1237 3132 cunr
1252 3058 1404 3134 Ferrario

326 3175 529 3264 existimare,
546 3175 695 3250 tunicam
705 3193 826 3250 rectam
843 3192 877 3248 et
892 3174 961 3249 lato
976 3173 1067 3248 clavo
1082 3175 1273 3272 insignitam
1285 3177 1404 3267 luisse,

326 3309 426 3394 atque
447 3319 548 3366 unam
569 3291 785 3392 camdemque
811 3290 958 3364 tunicam
980 3291 1072 3365 vario
1096 3292 1230 3366 nornine
1257 3292 1401 3383 dictam,

328 3407 606 3512 quemadmodum
622 3409 697 3510 ipsa
715 3425 795 3505 toga
811 3407 936 3497 virilis,
954 3426 988 3483 et
1003 3407 1110 3484 libera
1126 3409 1242 3498 etiam,
1264 3440 1302 3485 ac
1318 3440 1404 3514 pura

325 3525 526 3614 vocabatur3
543 3545 602 3600 aut
615 3544 739 3601 rectam
754 3553 832 3600 curn
847 3522 1010 3600 laticlavia
1025 3544 1186 3616 sumtam,
1204 3544 1244 3602 ut
1260 3527 1330 3603 haec
1346 3559 1403 3604 su·

326 3641 456 3742 perior,
474 3640 531 3716 illa
545 3661 633 3718 esset
649 3643 799 3718 inferior.
823 3643 954 3720 Deinde
972 3671 1111 3745 panum
1134 3663 1186 3720 est
1199 3644 1402 3733 discrimen,

327 3756 472 3833 sidicas
500 3755 695 3832 laticlaviam
721 3757 869 3834 tunicam
887 3788 962 3835 cum
984 3777 1066 3856 toga
1083 3759 1191 3850 virili,
1214 3759 1265 3836 vel
1289 3762 1402 3836 statim

358 3957 368 3989 ¹
388 3954 498 4024 Qumit.
510 3975 558 4025 per
570 3954 653 4024 Epist.
664 3953 708 4010 lib.
721 3956 750 4011 ll
757 3996 766 4024 ,
779 3975 835 4027 cup.
848 3978 871 4013 ο.

356 4041 369 4073 ²
385 4039 448 4093 Not.
459 4039 488 4093 in
503 4039 614 4094 Sueton.
627 4039 695 4109 Aug.
705 4059 762 4110 cap.
772 4039 813 4096 38.

357 4122 369 4156 ⁸
384 4125 487 4180 Notio
501 4124 613 4179 Sueton.
625 4125 705 4192 Vesp.
714 4143 770 4194 cap.
784 4144 808 4176 a.

355 4208 369 4246 ⁴
385 4209 504 4264 Analect.
518 4227 573 4278 cap.
585 4227 625 4262 oo.
