3017 5000
415 482 515 551 osu
539 484 573 551 s.
599 480 825 551 Missos.
1103 506 1160 575 ψ

69 616 77 637 ’
109 626 196 700 »boe
213 651 353 701 numero
375 642 564 713 Mttxxvll,
591 624 739 699 scribens
755 624 797 703 ad
814 622 1051 713 Messalinum,
1068 622 1169 722 hujus

107 741 278 819 »Messalae
301 741 430 828 lilium,
453 742 501 815 ait
526 770 560 820 se
576 741 682 844 patris
700 742 773 841 ejus
789 741 891 817 sunus
908 741 1059 845 epicedio
1084 770 1168 844 pro-

108 893 122 925 »
138 877 307 961 sequutum
324 858 448 935 luisse:

257 1007 316 1065 Nec
330 1017 392 1062 tuus
403 1016 443 1061 est
454 1004 576 1076 genitor,
588 1012 638 1059 etc.

108 1156 124 1187 ι
139 1124 224 1218 Ergo
236 1140 314 1197 aute
328 1121 481 1197 exsilium
497 1119 611 1194 Ovidii
623 1121 688 1220 jam
704 1120 904 1209 decesserat,
923 1120 989 1194 boc
1008 1138 1076 1207 est,
1094 1136 1171 1194 ante

109 1266 223 1311 nuum.
251 1254 407 1311 ιιιιιιιιιι
430 1245 452 1309 ¹.
482 1236 554 1332 Qut
570 1233 641 1309 fieri
664 1233 794 1336 potuit,
814 1253 853 1308 ut
868 1262 961 1308 num.
984 1250 1174 1321 uuxxvn,

109 1386 123 1417 ι
140 1350 326 1427 memoriam
339 1351 497 1439 amiserit,
512 1367 643 1424 etnam.
656 1368 811 1425 ttttxxlx
825 1348 987 1424 obiverit?
1000 1350 1102 1447 Quod
1118 1377 1174 1450 pa·

42 1506 44 1523 »
109 1506 124 1537 ι
140 1472 314 1546 trociniurn
335 1470 414 1545 huic
433 1467 667 1543 controversiae
683 1468 910 1543 arcessemus?
925 1468 1059 1541 Rursus
1083 1466 1178 1541 aliud

109 1620 123 1653 ι
139 1588 277 1663 dubium
285 1586 469 1661 suboritur.
485 1586 520 1659 si
532 1588 581 1659 M.
596 1584 751 1660 Valerius
765 1583 910 1659 Messala
926 1583 1011 1658 obiit
1023 1603 1174 1659 Mttxxlx

108 1738 123 1769 ι
139 1730 274 1777 numero
290 1758 299 1791 ,
319 1719 489 1805 superstes
502 1700 568 1775 suit
583 1719 623 1775 lx
639 1701 735 1775 annis
750 1701 788 1775 C.
804 1700 925 1773 Asinio
937 1698 1099 1787 Pollioni,
1115 1700 1174 1803 qui

110 1817 279 1893 »decusis
294 1846 386 1892 num.
406 1836 526 1892 uuxx.
545 1816 728 1913 Quomodo
747 1846 827 1915 ergo
846 1816 1016 1891 tuebimur
1032 1817 1097 1890 boc
1118 1814 1177 1890 ad-

111 1962 249 2010 srersus
268 1962 326 2023 ea,
346 1962 419 2035 quae
437 1952 555 2009 auctor
572 1934 709 2031 Dialogi
731 1935 773 2009 de
798 1936 905 2010 causis
923 1953 1087 2038 corruptae
1109 1932 1178 2007 elo-

111 2088 126 2119 »
143 2054 284 2155 quentiae
301 2052 419 2126 scribit
436 2062 449 2091 ²
466 2078 474 2122 ι
492 2050 683 2127 Cambusis
697 2051 830 2126 medium
842 2052 1178 2155 usqucAugustipnit-

113 2170 292 2270 neomuto,
320 2148 454 2243 Asi'mics
464 2194 559 2267 punc
575 2167 622 2241 ad
636 2182 805 2242 extremum
821 2167 969 2241 darual?
986 2166 1177 2241 Secundum

113 2285 225 2375 ntae,
245 2302 280 2359 et
295 2312 352 2373 ea,
370 2312 443 2385 quae
460 2292 605 2367 αὐτόπτης
623 2284 793 2359 scribebat
809 2284 973 2371 Ovidius,
991 2299 1178 2357 commuta-

112 2434 126 2463 »
142 2420 216 2475 runt
232 2400 348 2484 locum
371 2401 406 2475 in
433 2402 604 2477 Chronico
624 2400 764 2475 Eusebii
780 2398 892 2480 Pollio
909 2416 943 2473 ct
957 2396 1119 2488 Messala,
1139 2416 1178 2473 ut

111 2551 126 2581 ι
141 2547 278 2592 numero
302 2538 414 2592 mlxx
432 2518 466 2608 ³,
491 2519 636 2594 Messala
657 2535 811 2592 mortuus
828 2517 947 2604 suerit,
970 2515 1081 2590 Pollio
1099 2544 1179 2592 vero

110 2656 301 2712 nuttam.
320 2636 419 2711 Unde
445 2656 532 2712 recte
557 2655 676 2712 auctor
699 2635 835 2733 Dialogi
857 2634 999 2724 dixerit,
1023 2633 1178 2715 Asinium

111 2789 126 2820 ι
141 2785 230 2858 pane
244 2753 287 2828 ad
297 2773 481 2830 extremum
491 2755 714 2859 principatum
728 2756 876 2852 Augusti
889 2754 1092 2857 pervenisses
1101 2783 1180 2856 pen⁴

112 2907 126 2937 ι
143 2874 279 2948 ultimus
289 2873 377 2946 euim
385 2899 494 2948 annus
503 2871 649 2970 Augusti
660 2871 928 2946 inciditiuuum.
943 2867 1150 2946 tittxxltt‘.»

148 2993 189 3063 ll.
209 2987 310 3064 Alius
328 2990 467 3091 insuper
481 2988 516 3062 in
529 2989 646 3064 eodem
662 2987 826 3064 chronico
836 2987 931 3064 locus
945 3016 1022 3062 eum
1037 2985 1098 3060 illo
1110 2986 1181 3061 col·

112 3103 189 3182 latus
206 3105 376 3196 ostendit,
394 3103 545 3180 Messala
560 3105 691 3181 obitum
704 3133 743 3178 ex
759 3103 980 3194 Eusebianis,
994 3131 1053 3180 seu
1065 3103 1181 3204 potius

113 3220 372 3323 Hieronymianis
400 3220 589 3294 rationibus
613 3218 824 3293 referendum
854 3246 927 3294 esse
957 3217 1000 3291 ad
1028 3215 1181 3292 eumdem

112 3336 245 3414 Abrabae
261 3366 387 3415 annum
409 3356 579 3423 Mttxxttt,
597 3365 686 3411 auno
712 3335 755 3408 U.
781 3335 819 3409 C.
846 3352 1004 3410 DCCLXVI
1027 3332 1180 3408 desinen-

113 3466 177 3525 tem.
195 3452 332 3526 Etenim
349 3479 454 3572 qunm
471 3449 697 3551 Hieronymus
719 3447 873 3523 Messalae
888 3446 1015 3524 natales
1029 3447 1181 3543 assigna-

111 3655 227 3713 arente,
239 3645 270 3700 in
283 3645 403 3700 exsilium
416 3645 509 3699 ιιιίιιιιι
520 3643 586 3712 luit,
603 3655 634 3699 ut
647 3641 758 3698 iuferius
768 3642 802 3696 ad
818 3633 997 3697 eum'annum
1009 3641 1182 3697 demonstra-

113 3726 187 3784 bimus
197 3771 208 3798 ,
218 3733 276 3802 ipso
286 3729 451 3806 suffragante
465 3727 607 3801 scaligero.

141 3823 149 3852 ¹
166 3822 221 3876 bno
233 3837 353 3876 uuxxvr
364 3820 534 3896 scribendum
548 3831 606 3874 erat
615 3838 720 3890 ,quum
732 3818 776 3874 bic
788 3837 917 3885 numerus
933 3817 1041 3889 coperit
1053 3835 1095 3872 an.
1103 3818 1139 3873 U.
1150 3817 1183 3870 C.

114 3918 226 3975 occuxu,
239 3927 294 3979 quo
306 3919 380 3961 rates
392 3907 420 3961 in
432 3908 551 3961 exsilium
564 3905 637 3962 abiit.

141 3999 152 4030 ι

143 4086 153 4120 ³
166 3997 327 4162 {Hm
339 4091 491 4162 septembr.
503 4111 546 4148 an.
559 4091 595 4146 U.
609 4089 641 4144 C.
655 4105 757 4145 occurs
767 4089 853 4162 eoepit.

144 4181 153 4216 ⁴
167 4181 238 4240 Obiit
246 4203 345 4254 nempe
359 4185 495 4255 Augustus
507 4203 549 4238 an.
558 4185 595 4240 U.
607 4181 639 4240 C.
648 4199 778 4250 occurre,
791 4203 822 4238 ac
830 4201 917 4237 annus
925 4179 1040 4235 Abrabae
1051 4194 1184 4242 uarum,
1265 4164 1272 4196 '

124 4259 240 4322 &unctas
253 4287 295 4322 au.
306 4267 344 4322 U.
363 4264 395 4319 C.
406 4281 533 4320 nccmr.
