3017 5000
282 485 324 576 7⁸
568 481 607 546 e.
637 459 819 550 ovrurr
843 425 1071 548 utsours

279 622 372 724 poris
385 639 466 695 natu
479 619 620 719 majores
633 618 772 695 adsidue
786 619 908 709 coluit,
922 638 1022 723 atque
1034 647 1055 694 a
1066 607 1257 696 minoribus
1270 649 1371 724 aque

279 741 390 844 cultus
413 741 485 840 ipse
510 755 570 812 est.
595 737 681 836 Qua
707 739 819 813 omnia
842 738 879 812 in
902 739 1006 813 Trist.
1031 737 1091 813 lib.
1114 740 1176 827 IV,
1195 738 1290 836 Eleg.
1310 761 1369 830 Χ,

281 857 524 956 elegantissime
542 857 590 930 sie
607 854 750 931 scribit:

443 1054 571 1109 Protinus
582 1052 726 1106 excolimur
740 1053 843 1119 teneri,
853 1071 969 1124 curaque
982 1053 1099 1124 parentis

477 1145 552 1199 Imus
565 1142 599 1197 ad
610 1142 726 1214 insigues
739 1143 821 1198 Urbis
832 1144 865 1196 ab
877 1155 933 1198 arte
947 1145 1024 1198 viros.

410 1274 411 1278 ,
447 1235 542 1290 Frater
554 1233 586 1287 ad
602 1233 738 1304 eloquium
753 1233 830 1286 viridi
843 1233 970 1287 tendebat
981 1235 1014 1288 ab
1025 1252 1097 1302 tvo,

479 1326 571 1380 Fortia
583 1325 686 1378 verbosi
699 1335 778 1378 natus
790 1323 822 1376 ad
835 1343 909 1378 arma
919 1323 980 1378 fori.

450 1417 488 1471 At
501 1415 568 1470 mibi
580 1417 635 1486 jam
649 1436 733 1485 puero
745 1413 857 1470 celestia
868 1435 941 1470 sacra
952 1415 1106 1486 placebant,

479 1509 565 1577 loque
579 1525 659 1560 suum
669 1506 764 1560 intrim
776 1507 857 1560 Musa
869 1505 991 1560 trahebat
1001 1523 1076 1576 opus.

454 1598 532 1669 Sepe
546 1608 623 1668 poter
634 1596 698 1652 dixit
711 1619 718 1652 ε
733 1597 861 1652 Studium
873 1597 937 1668 quid
949 1597 1043 1652 inutile
1054 1599 1161 1654 tentas?

479 1686 629 1742 Mteonides
640 1687 725 1742 nullas
736 1689 791 1757 ipse
804 1687 913 1758 reliquit
923 1708 995 1758 opes

449 1779 542 1833 Motus
554 1797 629 1833 eram
641 1779 730 1846 dietis,
744 1789 855 1850 totoque
868 1780 999 1835 Helieone
1012 1780 1120 1847 relicto,

479 1868 601 1924 Scribere
614 1871 730 1924 conabar
743 1870 823 1924 verba
833 1870 920 1925 soluta
931 1870 1026 1926 modis.

450 1961 553 2033 Sponte
565 1981 612 2016 sua
624 1981 733 2018 carmen
746 1980 875 2018 numeros
885 1962 1009 2018 veniebat
1019 1962 1053 2016 ad
1064 1974 1157 2034 aptum

481 2053 530 2120 Et,
543 2053 614 2124 quod
629 2054 764 2107 tentabam
779 2053 882 2121 dicere,
896 2073 986 2108 versus
996 2065 1062 2110 erat.

455 2145 580 2214 interea,
594 2145 674 2201 tacito
686 2163 764 2215 passu
775 2143 924 2200 labentibus
934 2146 1025 2212 annis,

480 2235 603 2290 Liberior
613 2234 689 2290 sratri
700 2247 824 2306 sumpta,
837 2236 957 2310 rubique
969 2218 1030 2309 toga
1041 2247 1096 2292 est:

452 2326 633 2396 induiturque
644 2326 765 2382 bumeris
775 2345 838 2382 oum
848 2327 902 2383 leto
916 2347 1034 2399 purpura
1041 2327 1132 2399 elevor
1177 2394 1180 2400 Ι

483 2418 520 2472 Et
531 2417 651 2472 studium
663 2420 753 2488 nobis,
767 2419 839 2489 quod
849 2419 902 2473 suit
913 2431 991 2490 ante,
1003 2433 1104 2476 manet.

450 2512 567 2581 Jamque
581 2510 675 2564 decem
688 2511 748 2565 viter
759 2510 842 2566 frater
853 2513 1035 2582 geminaverat
1046 2532 1146 2581 annos,

487 2602 584 2670 Quum
597 2602 681 2672 perit,
694 2613 722 2656 et
731 2603 797 2672 coepi
808 2613 883 2672 parte
895 2622 985 2658 carere
998 2604 1062 2657 mei.

455 2693 585 2763 Cepimus
599 2704 627 2748 et
638 2704 738 2747 tenerer
751 2692 852 2764 primos
863 2695 946 2750 etatis
956 2694 1089 2762 bonores,

485 2784 581 2855 Deque
595 2785 656 2839 viris
669 2785 807 2855 quondam
816 2806 877 2856 pars
888 2787 973 2841 tribus
985 2806 1039 2842 una
1050 2787 1096 2841 fui.

350 2894 354 2902 ·
455 2875 537 2929 Curia
550 2877 664 2931 restabat
675 2899 681 2943 ;
695 2876 760 2931 clavi
771 2896 898 2933 mensura
908 2889 999 2935 coacta
1010 2889 1065 2933 est:

488 2968 580 3037 Maius
592 2981 649 3023 erat
660 2970 757 3024 nostris
768 2970 866 3025 viribus
878 2971 941 3025 illud
954 2991 1030 3026 onus.

456 3058 514 3114 Nee
526 3058 629 3129 patiens
640 3078 749 3130 eorpus,
761 3078 812 3115 nee
821 3079 900 3115 meus
910 3060 960 3114 tute
971 3072 1030 3132 apta
1040 3060 1123 3116 labori
1135 3086 1141 3128 ς

484 3148 661 3220 Sollicitoque
673 3150 753 3222 fugax
763 3150 916 3207 ambitionis
926 3171 1017 3207 mm:

452 3240 488 3295 Et
499 3252 589 3310 petere
602 3242 697 3296 Aoniae
708 3242 854 3297 suadebant
867 3254 924 3297 tuta
938 3240 1049 3299 Sorores

484 3330 563 3400 Otia,
576 3331 675 3401 judicio
685 3352 792 3403 semper
802 3345 888 3388 amata
902 3353 971 3388 meo.

452 3422 593 3494 Temporis
605 3422 674 3479 illius
684 3424 752 3479 coiui
763 3422 871 3495 fovique
882 3437 988 3497 poetas:

488 3510 617 3584 Quodque
630 3514 741 3571 aderaut
752 3526 840 3582 ntes,
851 3516 930 3569 rebar
941 3515 1031 3571 adem
1039 3516 1120 3572 Deos,

453 3603 529 3675 Saepe
540 3624 601 3659 suas
611 3604 729 3660 volueres
740 3604 804 3677 legit
817 3605 883 3659 mibi
895 3606 1022 3677 grandior
1032 3622 1108 3677 tero,

490 3694 612 3765 Quaque
624 3707 705 3749 nocet
715 3714 835 3766 serpens,
848 3716 907 3767 quo
918 3698 991 3767 juvat
1003 3700 1101 3769 herba,
1115 3700 1215 3757 Macer.

455 3784 531 3857 Soepe
543 3806 604 3840 suos
615 3786 706 3842 solitus
716 3788 827 3843 recitare
838 3788 993 3859 Propertius
1004 3791 1092 3861 ignes,

489 3877 557 3931 Jure
567 3876 679 3933 sodalitii
693 3880 739 3949 qui
750 3880 932 3950 nubijunetus
944 3894 1008 3937 erat.

456 3966 584 4023 Ponticus
593 3969 691 4038 heroo,
703 3970 797 4026 Rattua
808 3992 913 4043 quoque
925 3970 1114 4042 elerusiambis

490 4058 586 4114 Dulcia
596 4062 729 4117 convictus
741 4065 947 4121 membrafuere
958 4065 1021 4121 mei.

455 4150 580 4207 Detinuit
593 4164 693 4209 nostras
705 4174 864 4212 numerosus
876 4158 1004 4212 Horatius
1014 4178 1107 4227 auree,

486 4241 563 4300 Dum
573 4244 636 4301 ierit
648 4247 766 4303 amunia
776 4251 895 4305 camnine
906 4250 976 4306 culta
986 4252 1051 4325 lyra.
