3017 5000
310 519 354 584 82
598 513 638 579 P.
669 511 851 581 ovlntt
879 509 1110 580 NASONIS

473 651 565 721 thue
580 649 631 704 hoc
641 690 648 717 ,
659 649 697 705 sie
708 651 812 705 utinam
822 648 967 704 defendere
977 661 1065 706 neten
1076 652 1179 721 posses!

508 743 565 798 Scis
577 742 662 810 aliud,
675 742 747 813 quod
764 754 789 796 te
802 742 913 810 luerit,
926 761 982 798 ease
993 743 1086 814 magia.

311 865 356 938 Et
372 861 409 936 in
426 880 546 964 quarto
565 860 608 936 ad
626 861 764 950 Carum,
783 861 893 964 Epist.
913 878 1006 934 xm:

473 1011 520 1065 ttte
533 1009 642 1082 quidem
655 1010 735 1074 dirim
747 1009 795 1066 sed
807 1011 934 1078 mejam,
947 1007 1036 1076 Care,
1049 1007 1130 1064 ninii

508 1101 588 1156 Sexta
598 1101 745 1172 relegatum
758 1101 855 1154 bruma
864 1101 914 1156 sub
925 1119 972 1154 axe
983 1099 1064 1154 videt.

477 1191 605 1246 Carmina
615 1192 653 1246 nit
666 1203 796 1262 prosunt:
809 1201 961 1247 nocuerunt
971 1192 1090 1246 camina
1102 1191 1253 1262 quondam,

507 1285 651 1355 Primaque
664 1269 719 1338 tam
733 1285 837 1340 minere
846 1304 924 1340 mersa
934 1284 1011 1339 tuere
1022 1285 1100 1356 fuge.

309 1401 464 1475 Secundo
480 1402 559 1475 item
578 1401 619 1477 de
636 1401 740 1476 Trist.
756 1403 824 1475 ait:

479 1549 538 1605 Cur
552 1549 650 1621 aliquid
663 1551 738 1604 vidi?
750 1571 799 1607 cur
810 1551 888 1606 noxia
899 1550 1000 1605 lumina
1011 1551 1087 1606 feci?

512 1639 571 1695 Cur
582 1641 745 1711 imprudenti
756 1642 861 1712 cognita
872 1643 948 1712 cuipa
959 1641 1024 1695 mihi
1035 1641 1094 1696 est?

475 1731 577 1787 Inscius
590 1733 698 1788 Actaeon
711 1733 778 1788 vidit
789 1735 846 1788 sine
859 1744 930 1788 veste
945 1733 1078 1788 Dianam:

508 1822 602 1878 Prode
613 1823 663 1878 suit
675 1823 783 1879 canibus
796 1843 852 1878 non
863 1825 953 1878 minus
967 1824 1011 1878 itte
1022 1825 1091 1889 suis;

305 1962 338 2018 et
355 1945 391 2017 in
407 1942 544 2033 eodem,
562 1943 597 2016 in
613 1941 698 2017 fine:

472 2090 654 2162 carminaque
668 2091 820 2159 edideram,
833 2111 917 2162 quum
928 2103 955 2145 te
966 2089 1060 2146 delicta
1070 2081 1210 2146 notantem

506 2183 628 2238 Proterii
639 2183 717 2236 toties
727 2182 886 2251 irrequietus
898 2200 987 2252 eques.

474 2269 617 2344 Ergo'qun
628 2273 720 2343 juveni
731 2273 797 2327 mihi
809 2292 865 2328 non
877 2275 999 2330 nocitura
1010 2275 1100 2344 putari
1106 2313 1115 2342 ‚

503 2365 607 2436 Scripta
619 2384 712 2435 parum
726 2365 842 2435 prudens
849 2405 857 2432 ,
871 2384 945 2420 nunc
956 2385 1072 2420 nocuere
1084 2367 1148 2420 seni.

472 2457 539 2513 Sera
552 2455 711 2513 redundavit
722 2458 818 2511 veteris
830 2455 947 2511 vindicta
959 2455 1045 2512 tibetti.

505 2548 594 2602 Distat
604 2558 631 2602 et
642 2568 657 2601 a
669 2548 758 2601 meriti
770 2558 890 2617 tempore
902 2564 979 2619 pcena
989 2549 1047 2608 aui:

309 2687 341 2744 et
357 2669 393 2749 in
408 2666 525 2755 tertio,
543 2664 640 2763 Elcg.
658 2684 683 2739 V
700 2696 708 2739 :

476 2814 561 2870 inscia
573 2812 645 2884 qnod
657 2815 760 2869 crimen
771 2813 897 2868 viderunt
910 2811 1027 2880 lumina,
1040 2812 1155 2884 plector:

511 2907 706 2975 Peecatumque
719 2904 809 2959 oeulos
819 2914 860 2957 est
873 2904 994 2958 habuisse
1003 2922 1104 2957 meum.

476 3000 538 3056 Non
550 2997 674 3069 equidem
688 3008 772 3051 totam
785 3014 893 3067 pomum
903 2996 1048 3050 defendere
1057 2998 1179 3068 cuipam:

509 3092 564 3148 Sed
576 3100 679 3161 partem
692 3089 776 3143 nostn'
785 3087 904 3143 criminis
915 3106 993 3141 emor
1003 3088 1090 3143 hebet.
1120 3108 1123 3113 ·

310 3214 448 3314 Ubique
464 3210 568 3308 igitur
585 3206 690 3283 exsilii
710 3236 839 3282 cansam
856 3225 926 3280 tum
945 3204 1053 3281 libros
1068 3206 1109 3281 de
1123 3209 1225 3296 Arte,
1246 3227 1317 3283 tum
1334 3240 1395 3286 er-

310 3358 420 3403 rorem
431 3326 532 3403 inisse
547 3342 783 3399 commemorat
798 3354 805 3397 :
821 3325 896 3425 quis
906 3352 984 3397 vero
998 3320 1055 3397 ille
1069 3352 1163 3399 error
1172 3324 1285 3414 fuerit,
1298 3354 1396 3403 nnn-

311 3476 412 3551 quam
428 3443 577 3548 apernit,
594 3472 637 3517 ne
649 3441 756 3539 magis
773 3442 949 3538 Augustus
963 3442 1029 3516 sibi
1042 3443 1246 3518 irasceretur.
1262 3448 1393 3520 Verum

313 3561 411 3663 quia,
438 3578 478 3634 ut
494 3558 566 3660 ipse
583 3556 648 3645 ait,
671 3556 815 3631 Nitimur
834 3556 866 3628 t'n
889 3557 1017 3630 vetitum
1044 3584 1170 3655 semper,
1194 3559 1395 3661 cuptirrusque

310 3691 443 3777 negota;
468 3674 627 3776 quidnam
644 3672 679 3745 id
695 3670 813 3761 suerit,
828 3670 966 3773 plurimi
983 3673 1067 3748 seire
1092 3672 1201 3746 conati
1223 3692 1326 3763 sunt,
1353 3694 1394 3751 et

202 3790 216 3811 ⁸
311 3809 450 3867 conatur
463 3817 594 3890 semper
603 3788 744 3889 aliquis:
765 3807 970 3891 quapropter
986 3789 1145 3891 suspicati
1156 3808 1236 3865 sunt
1250 3792 1394 3891 quidam

312 3926 409 4010 turpe
433 3906 570 4008 aliquod
599 3904 746 4002 Augusti
771 3924 934 3979 secretum
958 3932 1037 3980 casu
1061 3906 1182 3981 vidisse
1202 3905 1393 3998 Ovidium3

312 4024 405 4127 quod
425 4054 493 4099 non
509 4023 635 4126 placet,
660 4023 738 4125 quia
758 4024 856 4097 toties
874 4024 1064 4125 objiciendo
1083 4023 1210 4113 scelus,
1228 4025 1395 4099 immitio-

310 4168 381 4214 rem
396 4138 595 4213 reddidisset
607 4138 785 4226 Caesarem,
807 4167 905 4240 quem
918 4137 1022 4212 lenire
1034 4138 1206 4242 etplacare
1217 4138 1390 4214 studebat.

311 4258 379 4332 Atii
390 4286 489 4349 vero,
508 4254 602 4358 quod
618 4256 765 4354 Augusti
778 4254 881 4333 titiam
896 4254 961 4330 snb
980 4254 1065 4330 salso
1081 4256 1237 4330 Corinnae
1251 4256 1394 4332 nomine
