3017 5000
311 429 374 493 ada
643 423 1051 493 DEDICATIONES

307 564 396 659 genii
417 590 456 636 ac
475 563 645 637 suavitatis
664 564 871 665 scriptuml)
893 565 1035 639 imitatio
1052 563 1233 640 affectuum
1246 536 1291 637 'in
1313 564 1388 667 qni-

307 681 372 754 hns
391 706 520 781 semper
543 697 679 775 regnat,
701 680 736 753 in
754 684 919 755 Amorum
941 682 1059 772 libris,
1077 682 1175 778 vigor
1189 700 1223 755 et
1239 678 1388 757 luxuries

304 798 424 884 beata,
451 825 525 898 quae
542 796 691 872 futurum
710 798 855 899 spondet
871 816 1019 899 quantus
1037 801 1168 874 tandem
1184 800 1334 886 exstitit;
1351 800 1387 874 in

305 918 388 988 Arte
412 942 450 986 ac
474 911 636 987 Remedio
662 913 817 1001 Amoris,
846 914 1045 1016 disponendi
1070 945 1108 991 ac
1125 916 1257 993 dicendi
1274 918 1386 1003 ratio,

307 1029 507 1127 gravissimae
528 1030 721 1118 sententia,
749 1029 978 1120 narrationes,
1008 1061 1048 1106 ac
1076 1060 1269 1108 communes
1297 1032 1386 1121 loci,

305 1176 483 1249 quoscum
501 1148 642 1221 maxima
664 1147 857 1224 dexteritate
885 1175 924 1221 ac
948 1149 1157 1248 jucunditate
1179 1150 1322 1239 inserit3
1349 1150 1386 1223 in

305 1266 653 1343 Transformationum
675 1266 793 1354 libris,
818 1285 939 1369 preter
964 1268 1028 1343 alia
1052 1296 1122 1343 non
1141 1294 1268 1369 paam
1295 1292 1387 1343 sum·

306 1413 397 1485 urum
415 1385 529 1468 orbis,
548 1386 617 1457 aive
634 1382 736 1485 cycli,
759 1414 858 1485 quem
875 1403 1076 1488 perpetuum
1092 1386 1262 1473 contexit,
1278 1384 1387 1459 artifi-

304 1499 412 1589 cium,
443 1500 625 1588 facundia,
650 1528 688 1578 ac
713 1502 866 1591 candor,
895 1518 1058 1603 quantum
1081 1532 1142 1577 aaa
1165 1525 1203 1576 ac
1226 1500 1390 1602 peculiari

304 1615 416 1690 indole
428 1615 610 1705 excellunt,
631 1635 760 1693 tanturn
773 1619 1025 1694 admirationem
1038 1636 1073 1693 et
1085 1620 1257 1715 ingenium
1270 1618 1389 1717 cnjus·

240 1790 243 1799 ‘
306 1758 375 1831 qaae
390 1732 564 1809 excedunt.
583 1734 629 1809 Et
645 1734 791 1836 ubique,
809 1753 896 1837 quot
911 1736 1135 1823 narrationes,
1160 1752 1214 1809 tot
1230 1735 1387 1809 Sirenum
1465 1798 1472 1827 ,

307 1851 434 1925 cantica
452 1879 489 1927 ac
507 1881 626 1941 voces,
645 1853 759 1929 habes.
774 1855 882 1929 Nemo
895 1873 1087 1957 poetaram,
1106 1870 1301 1950 argumenta
1316 1879 1389 1947 gru

307 1964 418 2053 viora,
439 1967 529 2067 quod
545 1996 583 2042 ex
600 1967 643 2043 iis
660 1994 733 2071 quae
745 1968 944 2045 interierunt
956 1986 1067 2071 patct3
1080 1995 1178 2042 nemo
1192 1966 1316 2042 leviora
1328 1983 1387 2039 ant

307 2080 502 2171 humiliora,
522 2085 710 2159 exornanda
737 2084 805 2159 sibi
833 2086 963 2160 sumsit.
990 2084 1165 2159 Neminem
1190 2082 1388 2157 dexteritate

305 2196 407 2271 simili
417 2218 582 2275 versatum
598 2201 633 2274 in
650 2201 818 2302 utrisque,
834 2200 935 2275 fidem
950 2200 1078 2276 faciunt
1089 2228 1158 2303 pra
1170 2198 1296 2275 catoris
1310 2224 1386 2300 qnae

305 2333 445 2392 exstant.
466 2317 520 2391 Ad
534 2317 800 2419 philosophiam,
815 2320 912 2418 cujus
928 2318 1048 2394 domos
1063 2343 1178 2393 omnes
1190 2344 1228 2393 ac
1241 2316 1385 2391 familias

305 2434 477 2526 lustrarat,
496 2454 555 2512 aut
569 2438 808 2514 mathematam
823 2438 999 2529 scientias,
1017 2466 1122 2542 mum
1135 2436 1256 2514 transit
1266 2436 1320 2512 vel
1333 2436 1387 2512 di·

306 2553 425 2642 vertit,
446 2583 515 2657 quo
540 2553 736 2630 obscuriora
752 2572 833 2629 sont
850 2583 924 2656 quse
941 2555 1054 2642 docet,
1073 2582 1115 2628 eo
1129 2553 1242 2628 minua
1257 2555 1382 2639 haeret,

305 2666 411 2762 magis
427 2669 565 2746 candide
581 2697 618 2742 ac
637 2669 832 2772 simpliciter
846 2669 987 2770 exponit
1006 2667 1169 2770 quicquid
1187 2666 1305 2742 didicit
1326 2685 1386 2741 aut

306 2783 422 2858 docet:
435 2813 513 2860 nam
529 2787 618 2862 inea
634 2805 745 2888 parte,
762 2815 863 2888 qnam
877 2784 1037 2862 moralem
1054 2785 1189 2872 dicunt,
1203 2787 1250 2858 ita
1267 2786 1387 2860 creber

233 2934 237 2946 ·
307 2917 359 2974 est
377 2919 435 2975 aut
453 2918 560 2990 totus,
575 2918 614 2977 ut
626 2901 759 2976 oracula
771 2903 898 3004 ubique
912 2901 1066 2976 advitam
1081 2901 1263 2976 necessaria
1278 2901 1387 2976 effun-

306 3017 365 3092 dat
379 3048 387 3090 :
401 3044 510 3117 neque
521 3016 593 3092 sine
609 3045 707 3092 causa
722 3018 865 3092 Ethicen
878 3045 920 3092 ex
934 3019 1006 3117 ejus
1019 3018 1153 3118 scriptis
1169 3016 1305 3118 qnidam
1317 3014 1385 3115 jam

306 3135 481 3210 formarint
496 3164 504 3208 ε
519 3163 648 3236 semper
658 3139 711 3210 sul
725 3133 864 3223 similis,
880 3151 940 3208 aut
951 3134 1074 3233 major3
1091 3133 1192 3208 etiam
1201 3151 1297 3207 atate
1308 3129 1383 3220 illa,

307 3281 373 3356 qua
391 3251 547 3328 nonnulli
568 3254 751 3343 desinunt,
777 3270 837 3327 aut
857 3253 1025 3350 languent
1052 3255 1101 3326 Ut
1118 3249 1383 3342 fecunditatem,

304 3402 406 3473 quam
417 3371 583 3448 licentiam
595 3370 750 3446 nonnulli
763 3389 823 3446 act
840 3370 1008 3446 lasciviam
1020 3371 1191 3460 damant,
1205 3369 1385 3446 infelicitas

305 3503 412 3590 poete
429 3504 488 3562 aut
512 3505 665 3563 senectus
685 3487 881 3584 castigasse,
898 3488 1093 3562 scariotem
1110 3487 1211 3561 etiam
1229 3486 1383 3574 auxisse,

307 3603 464 3678 videatur.
477 3605 582 3702 Quod
590 3604 626 3678 in
635 3603 731 3678 libris
741 3604 916 3692 Tristinm,
924 3621 959 3678 et
970 3624 1058 3704 quos
1067 3602 1109 3678 de
1117 3604 1229 3678 Ponto
1238 3603 1385 3704 scripsit,

308 3720 418 3820 quivis
435 3720 533 3794 ridet.
555 3724 595 3795 In
608 3722 733 3822 quihus
745 3720 874 3796 cultum
888 3722 946 3823 qui
959 3722 1164 3808 desiderant,
1175 3715 1384 3819 judiciumin

307 3835 372 3908 hoc
387 3833 514 3932 judicio
533 3835 711 3910 desiderari
726 3836 826 3910 etiam
843 3835 978 3910 anobis
995 3837 1164 3937 patientur
1178 3863 1187 3906 t
1201 3859 1308 3935 quum
1325 3858 1384 3905 ne·

308 3981 374 4056 que
387 3954 452 4029 hoc
466 3971 648 4055 spectaret,
666 3954 721 4027 cni
735 3953 817 4029 satis
827 3972 934 4042 essct,
947 3947 1033 4026 nihil
1047 3969 1212 4028 ostentare
1223 3951 1259 4024 in
1270 3949 1382 4033 luctu;

187 4145 192 4154 .
307 4099 416 4174 neque
434 4071 544 4148 cultus
562 4099 691 4174 semper
714 4072 805 4148 absit
827 4073 886 4174 qni
904 4096 976 4147 non
998 4085 1192 4148 ostentator.
1222 4070 1293 4166 Qui
1313 4092 1381 4142 non

309 4190 401 4266 deest
421 4189 457 4264 in
477 4190 531 4265 his
555 4187 669 4280 libris,
687 4189 746 4264 sed
766 4188 971 4292 simplicitati
987 4214 1030 4274 ,ac
1046 4187 1201 4276 candori,
1219 4188 1286 4262 troc
1311 4201 1380 4270 est,
