3017 5000
338 485 381 568 54
724 478 1016 553 EXCURSUS

338 623 573 732 philosophiae·
584 624 692 700 omnis
713 629 869 723 eppadt'rm
887 630 934 696 καὶ
952 636 1058 720 χάριτα
1078 641 1195 694 vocam
1209 643 1290 693 ‘nou
1311 618 1421 692 'dubi-

338 740 438 827 tavit,
458 740 618 840 cujusque
633 740 855 816 eruditionem
872 741 993 813 Petrus
1006 734 1159 812 Nannins
1174 735 1275 808 initio
1290 731 1352 806 lib.
1371 735 1419 822 V,

337 855 514 930 Mentior.
530 855 658 951 magnis
671 855 828 930 laudibus
843 853 993 940 extollit,
1011 853 1079 926 boc
1091 848 1292 952 opusculum
1304 849 1420 922 e'xtre-

337 969 478 1066 misdigi
484 971 525 1043 tis
535 971 656 1066 attigit.
670 971 800 1047 Deinde
816 972 967 1048 Jacobns
977 968 1136 1070 Micyllus
1144 965 1418 1063 Argentinensis,

340 1105 495 1162 accurato
512 1088 563 1160 vir
579 1089 732 1184 iugenio,
752 1090 880 1192 aliquas
895 1089 1144 1163 observationes
1161 1081 1313 1173 addidit,
1335 1085 1423 1185 qni-0

336 1205 403 1278 bus
428 1233 498 1278 non
524 1205 722 1280 mediocrem
741 1205 871 1281 lauden
893 1207 1022 1280 meruit.
1055 1207 1120 1278 Hic
1146 1202 1275 1304 lllicylli
1291 1224 1422 1276 nornen

339 1324 491 1411 retinuit,
512 1324 602 1425 quod
621 1353 705 1424 puer
721 1325 803 1398 scite
821 1353 998 1424 personam
1014 1324 1136 1419 egisset
1153 1320 1298 1422 Micytti,
1315 1321 1423 1395 unius

340 1469 378 1516 ex
396 1441 693 1518 interlocutoribus
706 1443 740 1516 in
755 1442 889 1537 dialogo
901 1442 1062 1529 bneinni,
1081 1441 1139 1542 qni
1152 1427 1272 1539 ὄνειρος
1289 1449 1309 1520 ἢ
1324 1427 1425 1516 tita-

338 1565 432 1656 τρυὼν
444 1559 655 1632 inscribitur:
670 1557 912 1632 (lvidianornm
926 1575 1037 1633 autem
1051 1584 1190 1658 opernm
1207 1557 1424 1638 recensione,

341 1693 374 1749 et
396 1675 494 1750 variis
517 1672 655 1748 Luciani
683 1672 783 1752 latine
810 1674 978 1763 redditis,
1004 1692 1075 1750 tum
1092 1676 1207 1775 poesi,
1236 1692 1268 1747 et
1284 1673 1424 1751 duobus

344 1789 565 1864 arithmetices
589 1788 749 1884 logistica
775 1787 888 1877 libris,
908 1789 1069 1891 exemplis
1082 1789 1262 1864 admodum
1277 1787 1425 1862 utilibus

341 1908 534 1994 illustratis,
552 1909 698 1981 nominis
714 1907 766 1982 sui
779 1908 881 1983 decus
893 1909 935 1983 ad
946 1928 1101 2010 posteros
1112 1909 1320 2012 propagarit.
1336 1909 1426 1982 Hei·

273 2094 279 2112 ,
344 2020 506 2118 delbergae
527 2023 612 2096 obiit
629 2051 717 2096 anno
743 2021 859 2110 1558,
881 2019 1005 2096 relictis
1030 2023 1166 2098 duobus
1180 2022 1259 2095 liliis
1275 2021 1424 2121 disparis

344 2139 444 2214 sortis
457 2168 465 2210 :
477 2137 588 2212 Julius
598 2138 685 2212 enirn
697 2136 909 2212 cancellarius
923 2137 988 2212 fuit
997 2136 1344 2227 Ludovici,‘electoris
1358 2135 1427 2210 Pa-

345 2252 460 2339 latiui;
481 2252 563 2326 alter
578 2281 659 2327 ¹vero
676 2251 785 2328 sartor
798 2252 1187 2348 ernnttddetbergcnsis.
1215 2255 1303 2327 Tum
1317 2253 1428 2323 Fran-

344 2369 453 2444 ciscus
470 2369 623 2444 Sanctius
636 2371 814 2444 Broceusis
827 2369 906 2444 buic
919 2369 1041 2443 chartae
1050 2367 1233 2470 impalluit,
1249 2386 1283 2441 et
1295 2363 1428 2467 aliquid

345 2485 380 2559 in
398 2514 469 2558 eam
486 2515 555 2558 non
573 2486 667 2586 parvi
684 2485 843 2561 momenti
860 2481 1013 2561 contulit.
1028 2487 1250 2561 Accesserant
1266 2481 1426 2579 Gregorii

346 2602 560 2689 Bersmanni,
575 2602 790 2677 Constantini
805 2604 982 2689 Fanensis,
993 2622 1026 2677 et
1039 2602 1193 2677 Herculis
1205 2600 1336 2676 Cioiani
1348 2598 1430 2673 sut-

347 2722 517 2795 monensis
535 2720 678 2807 sebolia3
696 2748 820 2822 eosque
839 2738 973 2795 secutus
988 2738 1038 2794 est
1056 2717 1203 2794 Didacus'
1218 2717 1330 2792 Mesia
1343 2717 1431 2790 flis-

348 2836 515 2939 pnlcnsis,
544 2837 603 2935 qui
624 2837 712 2937 apud
733 2837 931 2911 Mexicauos
960 2837 1063 2911 ludos
1086 2835 1151 2909 boc
1176 2834 1369 2935 poematiou
1393 2834 1430 2905 in

350 2954 533 3053 Hispanam
558 2950 706 3049 linguam
730 2952 899 3041 traduxit,
923 2972 956 3027 et
979 2952 1211 3026 annotationes
1232 2949 1432 3025 vernaculas

350 3068 487 3166 adjecit,
506 3067 613 3140 editas
634 3067 764 3167 Hispali
785 3096 874 3141 auno
898 3067 1013 3154 1608,
1041 3096 1124 3169 quas
1145 3066 1345 3141 humanitati
1371 3066 1432 3139 de·

350 3186 471 3258 bemus
480 3186 503 3256 J
505 3183 600 3257 ncobi
613 3183 774 3267 Mantelli,
782 3184 1101 3289 bominisexquisita
1112 3184 1433 3260 doctrinavidimus

354 3320 388 3376 et
405 3330 478 3403 qtrae
503 3304 649 3375 Joannes
674 3302 875 3401 Grejonins,
895 3305 1043 3405 itemque
1066 3304 1216 3378 lacobus
1240 3304 1433 3379 Andreains

353 3418 514 3505 Lutetiae,
536 3446 657 3513 magno
668 3418 916 3519 'discipulorum
939 3419 1077 3521 plausu,
1096 3420 1240 3493 dictasse
1254 3416 1431 3507 leruntnr3

353 3534 513 3610 liic=auno
536 3534 650 3627 1584,
674 3534 730 3608 ille
752 3536 839 3635 ¹57¹
869 3534 1007 3609 :sedin
1027 3535 1093 3609 illis
1109 3561 1220 3609 merus
1238 3535 1432 3622 Domitius,

354 3670 511 3751 praterea
519 3650 614 3725 nihil.
628 3653 803 3725 Postremo
812 3650 963 3725 Valerius
971 3653 1122 3727 Andreas
1130 3652 1314 3738 Desselius,
1322 3651 1434 3752 pluri—

256 3767 259 3776 ’
354 3794 409 3840 ma
419 3765 560 3840 lectione
569 3767 741 3855 exercitus,
749 3767 1231 3869 nonpoenitendarnoperamin
1241 3769 1302 3842 bac
1312 3768 1435 3869 Sparta

356 3882 504 3956 *ornanda
523 3881 714 3969 collocavit,
733 3883 832 3957 editis
852 3913 939 3957 anno
965 3883 1059 3957 1618
1079 3884 1305 3986 locupletibus
1328 3885 1432 3958 notis.

356 4000 426 4073 ttec
448 3999 518 4073 siue
541 3998 673 4099 piaculo
687 4018 879 4100 praeteream
897 4002 1081 4075 Antonium
1096 4005 1242 4075 Urceuru
1261 4000 1435 4090 Codrum,
1468 4078 1475 4089 ‚

356 4115 731 4202 tanum-mutantem,
754 4115 920 4211 Angelum
937 4117 1348 4215 Politianum,Antlream
1370 4115 1433 4191 Al·

352 4235 499 4324 -ciatutn,
515 4230 699 4334 baptistam
714 4234 832 4324 Pium,
848 4231 989 4311 Paulum
1000 4236 1231 4338 Leopardum,
1248 4235 1434 4309 Adriannm
